3098 5092
715 255 871 351 —ra—

256 441 404 533 ⁴Poetae
419 441 536 506 Latini
558 441 647 507 hanc
672 441 810 507 dicendi
831 443 1002 510 rationem
1024 445 1163 531 saepius
1186 444 1312 510 imitati
1336 453 1417 510 sunt

171 552 277 639 (conf.
300 553 468 618 Kuehner
489 555 530 619 A.
555 555 594 618 L.
622 556 681 622 Gr.
704 555 750 623 Π.
773 578 806 642 p.
833 561 891 624 191
917 563 936 640 ξ
961 559 1011 641 69,
1036 562 1074 639 5;
1109 556 1269 645 Krueger
1290 558 1328 623 L.
1354 558 1414 623 Gr.

171 670 191 748 ἕ
214 669 287 748 299,
311 671 347 748 2;
370 671 391 749 ἓ
415 669 488 747 670,
507 667 584 751 ’14);
610 689 652 731 ex
675 667 812 733 Horatii
836 668 1045 734 carminibus
1069 669 1155 735 duos
1178 670 1275 735 locos
1292 669 1413 735 afferre

163 801 369 866 possumus:
401 773 527 866 Epijl,
547 784 594 863 16,
612 784 676 846 591
697 781 806 865 „dane
828 783 945 867 pater“
972 783 1072 864 clare,
1105 782 1196 847 clare
1222 804 1300 847 cum
1324 782 1413 847 dixit

174 896 359 981 „Apoll0“;
384 897 417 962 S.
431 900 460 977 2,
475 899 504 980 6,
519 900 577 962 2οτ
602 896 771 960 Matutine
790 902 898 982 pater,
923 920 985 962 seu
998 898 1023 964 J
1025 921 1089 962 ane
1113 898 1279 963 libentius
1303 898 1416 979 audis,

170 1008 192 1074 i.
209 1032 237 1076 e.
250 1031 311 1074 seu
327 1008 439 1074 Janus
455 1008 621 1073 libentius
638 1008 778 1095 (audis)
803 1010 1004 1096 appellaris;
1030 1011 1120 1078 conf.
1144 1011 1220 1076 Tib.
1246 1017 1275 1096 1,
1301 1016 1329 1095 7,
1354 1017 1413 1079 53:

170 1121 220 1185 sic
251 1121 371 1186 venias
405 1121 588 1203 hodierne3
624 1121 727 1205 Verg.
751 1124 837 1189 Aen.
857 1127 892 1206 ,2,
916 1127 996 1190 283:
1029 1123 1165 1208 quibus,
1196 1124 1338 1208 Hector,
1370 1125 1413 1189 ab

171 1234 241 1299 oris
269 1241 468 1320 exspectate
491 1234 624 1318 venial,
657 1234 718 1299 ubi
740 1256 810 1300 vox
841 1239 1078 1322 ,exspectate“
1113 1237 1156 1302 ab
1187 1239 1413 1303 antecedente

169 1347 330 1413 vocativo
357 1347 526 1432 ,Hect0r“
553 1348 749 1413 attrahitur.

273 1459 338 1524 His
362 1459 449 1524 locis
473 1460 750 1525 adnumerandus
775 1469 828 1525 est
850 1461 954 1526 etiam
976 1461 1036 1526 ille
1061 1464 1093 1529 S.
1113 1466 1140 1546 l,
1165 1468 1196 1546 2,
1219 1468 1277 1529 31;
1302 1472 1414 1528 macte

171 1571 298 1637 virtute
322 1579 414 1655 estc,
438 1579 532 1637 recte
549 1571 640 1637 enim
657 1572 841 1638 dicendum
858 1580 947 1639 erat:
971 1581 1011 1639 tu
1027 1581 1160 1641 mactus
1176 1575 1305 1641 virtute
1322 1585 1413 1659 est0;

171 1685 231 1749 sed
255 1684 382 1750 omisso
405 1684 619 1771 pronomine,
644 1685 736 1770 quod
762 1708 804 1749 ex
826 1685 933 1752 verbo
950 1687 1104 1773 suppleri
1120 1694 1246 1774 potest,
1271 1688 1431 1754 adiectis

62 1822 66 1827 ·
170 1819 252 1862 vum
275 1798 345 1884 (vel
368 1797 485 1883 potius
508 1797 746 1884 participium)
776 1799 976 1885 praedicato
1010 1800 1165 1865 additum
1198 1801 1234 1865 in
1267 1801 1415 1866 subiecti

157 1909 283 1974 ,locum
318 1907 542 1974 substituitur
575 1917 610 1973 et
644 1909 680 1973 in
710 1909 872 1975 vocativo
906 1910 1064 1998 ponitur;
1102 1910 1169 1976 alia
1204 1913 1361 1997 exempla
1397 1935 1415 1976 e

168 2021 282 2107 poetis
306 2028 341 2086 et
364 2021 590 2108 scriptoribus
614 2023 748 2088 solutae
772 2023 938 2089 orationis
964 2023 1105 2110 collegit
1126 2024 1294 2089 Kuehner
1313 2024 1412 2091 Ausf.

169 2133 210 2198 L.
235 2134 294 2200 Gr.
318 2134 363 2198 Π.
387 2157 419 2220 p.
445 2139 506 2201 192
530 2141 549 2218 ξ
574 2139 625 2218 69,
650 2140 679 2218 5,
704 2140 734 2202 3.

666 2424 719 2489 De
742 2423 917 2505 genetlvc.

277 2587 470 2673 Scriptores
494 2587 618 2652 Graeci
641 2587 750 2652 multa
772 2588 879 2653 verba
902 2610 980 2653 cum
1002 2588 1166 2672 genetivo
1190 2589 1416 2674 coniungunt,

173 2698 270 2764 cuius
293 2699 372 2764 loco
394 2699 513 2764 Latini
538 2698 728 2763 ablativum
751 2700 807 2765 vel
831 2699 1022 2764 ablativum
1047 2723 1125 2765 cum
1155 2701 1413 2787 praepositione

173 2811 394 2877 coniunctum
418 2813 475 2877 vel
498 2813 620 2876 saltem
644 2813 754 2877 rarius
776 2813 978 2897 genetivum
1002 2812 1179 2878 adhibent.
1202 2813 1250 2878 Et
1264 2814 1415 2899 primum

174 2924 426 3011 disputabimus
450 2925 492 2988 de
515 2924 642 3007 verbis,
674 2946 761 3009 quae
786 2925 921 3011 copiam
943 2924 1000 2990 vel
1029 2925 1183 3012 inopiam
1214 2926 1414 3011 significant
1510 2906 1512 2911 Α

174 3046 213 3104 ut
243 3060 294 3102 ex.
325 3061 376 3122 gr.
400 3040 545 3123 πληροῦν,
577 3040 754 3123 πιμπλάναι,
782 3048 918 3123 peccota,
951 3041 1100 3114 πλουτεῖν,
1130 3041 1262 3113 δεῖσθαι,
1294 3037 1417 3124 ἀπορεῖν

174 3173 202 3216 κ.
225 3175 249 3214 1.
274 3153 301 3214 λ.
338 3150 463 3216 Graeci
497 3151 583 3216 haec
612 3151 720 3216 verba
750 3151 866 3216 omnia
898 3173 976 3216 cum
1005 3152 1169 3236 genetivo
1201 3151 1418 3237 coniungunt

176 3264 281 3349 (conf.
297 3263 464 3329 Kuehner
485 3264 528 3330 A.
546 3263 604 3329 Gr.
622 3264 678 3331 Gr.
695 3264 740 3331 ΙΙ.
757 3286 789 3350 p.
806 3268 870 3330 304
893 3285 919 3330 s.
936 3270 955 3347 ξ
971 3268 1044 3347 417,
1061 3266 1106 3349 2).
1131 3265 1160 3328 Ε
1183 3264 1309 3328 Latina
1331 3286 1413 3330 varo

176 3376 314 3442 dicendi
342 3375 476 3442 ratione
506 3376 612 3442 verba
643 3376 763 3462 copiae
795 3383 830 3440 et
858 3376 998 3462 inopiae
1022 3376 1213 3441 ablativum
1235 3376 1418 3460 requirunt

176 3499 211 3554 et
243 3512 319 3555 cum
345 3489 510 3572 ablativo,
541 3489 570 3554 si
594 3491 705 3555 solum
728 3489 873 3554 verbum
905 3489 1101 3574 „indigere‘
1128 3489 1290 3576 excipiaS,
1323 3489 1417 3574 quod

105 3625 107 3629 ’
175 3602 313 3689 saepius
337 3625 415 3666 cum
430 3603 593 3687 genetivo
618 3602 850 3686 coniungitur,
872 3603 976 3687 longe
1000 3602 1110 3667 maior
1134 3601 1238 3667 etiam
1261 3602 1417 3667 locorum
1519 3594 1521 3598 ’

175 3739 338 3781 numerus
373 3715 549 3781 adhibitus
584 3715 761 3781 invenitur
791 3715 895 3803 (conl.
919 3715 1086 3781 Kuehner
1117 3716 1158 3780 A.
1185 3716 1262 3780 Lat.
1288 3715 1346 3779 Gr.
1370 3714 1416 3778 II.

175 3852 208 3916 p.
232 3833 295 3896 342
318 3835 337 3912 ξ
362 3832 413 3911 86,
438 3830 483 3914 8).

278 3942 351 4005 Iam
391 3942 483 4026 quod
515 3941 558 4006 ad
589 3941 773 4008 Horatium
803 3941 937 4025 attinet,
978 3941 1163 4005 dicendum
1196 3948 1258 4021 est,
1290 3961 1369 4003 aum
1399 3961 1419 4002 a

177 4077 333 4120 sermone
358 4077 481 4119 aureae
505 4054 639 4139 aetatis,
665 4075 753 4138 quae
768 4061 924 4133 vocatur,
947 4075 1018 4119 non
1041 4053 1278 4118 discedentem
1302 4051 1417 4117 omnia

175 4168 292 4251 verba,
309 4189 397 4252 quae
413 4167 480 4232 huc
495 4167 681 4255 pertinent,
697 4174 737 4232 ut
752 4168 935 4253 complere,
952 4167 1101 4252 explere,
1120 4172 1263 4243 scatere,
1281 4164 1416 4245 satiare,

176 4281 322 4368 privare,
342 4282 473 4346 nudare
488 4303 623 4367 semper
639 4302 716 4344 cum
734 4280 886 4345 ablativo
904 4279 1125 4364 coniungere,
1143 4277 1287 4342 verbum
1303 4284 1419 4342 autem

180 4396 319 4482 „egere“
337 4395 471 4459 duobus
486 4394 725 4460 tantummodo
742 4393 829 4458 locis
853 4415 930 4457 cum
946 4391 1098 4457 ablativo
1123 4392 1178 4475 (cf.
1197 4391 1234 4456 Ο.
1254 4396 1282 4474 1,
1306 4395 1357 4469 22,
1382 4394 1419 4455 2:

177 4530 248 4573 non
279 4517 359 4593 eget
381 4507 509 4571 Mauris
541 4506 663 4571 iaculis
694 4514 729 4570 et
757 4505 835 4592 Epi.
861 4511 889 4588 1,
914 4511 964 4588 10,
990 4510 1048 4572 ll:
1079 4527 1170 4591 pane
1200 4503 1310 4591 egeo),
1341 4502 1420 4568 reli-

177 4621 253 4706 quis
278 4644 355 4686 cum
371 4619 543 4705 genetivo,
568 4620 661 4704 quod
684 4626 776 4683 certe
799 4618 883 4683 fecit
900 4619 1113 4684 Graecorum
1131 4616 1419 4683 consuetudinem
