3098 5092
736 1178 782 1263 A.

139 1410 229 1476 Pars
252 1411 365 1495 prior,
389 1429 457 1493 qua
480 1411 710 1479 continentur
726 1415 951 1496 quaestiones
968 1417 1012 1482 ad
1026 1435 1104 1484 rem
1120 1416 1388 1500 grammaticam

647 1526 883 1608 pertinentes.

156 1788 217 1851 γ’
248 1788 291 1864 aa
302 1789 382 1834 uam
412 1768 482 1833 late
513 1769 675 1834 extremis
707 1769 757 1834 rei
787 1770 949 1856 publicae
981 1770 1196 1857 temporibus
1229 1770 1386 1837 floruerit

149 1956 151 1966 Α
287 1934 290 1952 ,
324 1882 416 1969 apud
431 1882 608 1949 Romanos
625 1881 837 1948 Graecorum
851 1883 1042 1948 litterarum
1065 1883 1228 1968 studium,
1251 1891 1291 1950 ut
1314 1885 1386 1951 eui·

152 2037 201 2063 ‹ar
275 1987 293 2058 ³,
323 1997 410 2062 libet
444 1995 624 2061 eruditiori
654 1995 730 2061 viro
761 1994 855 2060 illius
884 1994 1024 2082 linguae
1054 1995 1169 2061 fontes
1199 1997 1385 2083 patuerint,

140 2133 310 2198 quamque
333 2116 432 2196 grato
457 2107 494 2172 in
516 2107 625 2194 patris
647 2107 849 2173 memoriam
875 2107 989 2173 animo
1019 2107 1185 2174 Horatius
1210 2109 1386 2195 professus

140 2225 194 2309 sit,
211 2246 248 2289 se
265 2212 399 2289 Graeca
415 2220 574 2287 doctrina
588 2219 761 2285 imbutum
776 2219 883 2285 fuisse
898 2220 1061 2287 iuvenem
1078 2221 1184 2307 (coni.
1200 2221 1307 2287 Serm.
1324 2223 1352 2306 Ι,
1367 2228 1387 2290 t

139 2361 194 2404 vv.
220 2340 385 2421 70-100)
420 2333 597 2421 cognitum
627 2334 811 2417 habemus;
849 2334 931 2398 inde
963 2334 1124 2399 nimirum
1153 2334 1386 2423 intellegimus

140 2472 214 2515 esse
225 2449 367 2532 factum,
380 2455 419 2513 ut
432 2447 592 2513 omnibus
609 2447 682 2513 eius
700 2446 909 2512 carminibus
924 2447 1058 2512 Graeca
1072 2448 1241 2533 quaedam
1253 2450 1387 2537 species

140 2571 175 2629 et
196 2563 306 2650 ipsius
328 2561 469 2647 linguae
493 2560 719 2647 elegantioris
740 2560 890 2647 vestigia
904 2560 1116 2645 inhaereant,
1138 2561 1268 2648 pariter
1283 2570 1387 2649 atque

140 2676 335 2762 aequalium
364 2681 546 2763 poetarum
576 2694 682 2760 opera
713 2695 825 2759 neque
858 2672 972 2738 minus
1009 2673 1159 2738 solutam
1193 2674 1398 2741 orationem-

140 2789 370 2877 pulcherrime
393 2787 579 2852 illustrant.

242 2901 351 2988 Atqui
374 2900 542 2966 Horatius
566 2907 601 2965 et
622 2908 748 2986 poetae
771 2899 930 2986 supparis
962 2899 1095 2984 aetatis,
1127 2922 1206 2965 cum
1236 2907 1296 2965 aut
1324 2924 1387 2987 per

140 3014 320 3080 audaciam
334 3034 426 3079 nova
442 3011 617 3098 quaedam
634 3011 845 3098 protulerint
868 3019 928 3077 aut
944 3012 1156 3078 Graecorum
1175 3012 1387 3099 exemplaria

140 3125 252 3192 secuti
283 3146 402 3191 eorum
433 3131 468 3188 et
497 3146 552 3188 res
584 3130 619 3188 et
652 3122 819 3209 loquendi
853 3130 961 3189 artem
994 3123 1244 3208 transtulerint,
1279 3125 1387 3210 longe

139 3239 324 3304 maximam
340 3259 423 3303 sane
438 3258 550 3303 novae
566 3236 668 3302 huius
684 3237 917 3325 praestantiae
941 3244 976 3302 et
999 3237 1191 3324 elegantiae
1201 3238 1227 3323 ¹)
1252 3245 1387 3325 partem

142 3354 294 3418 Graecos
316 3349 476 3415 imitandi
499 3350 616 3416 studio
640 3350 714 3415 sive
738 3350 938 3417 Graecismo
962 3372 1025 3417 suo
1050 3352 1187 3418 debent.
1212 3351 1255 3416 In
1280 3351 1387 3417 Grae·

141 3465 239 3530 cismi
263 3471 389 3548 autem,
413 3470 452 3528 ut
474 3463 525 3528 sic
548 3463 671 3548 dicam,
695 3463 866 3529 rationem
887 3462 1107 3530 referendum
1130 3472 1193 3549 est,
1217 3463 1387 3550 quidquid

139 3578 196 3645 vel
218 3600 332 3643 rerum
356 3576 535 3643 aGraecis
559 3583 775 3664 assumptum
797 3577 853 3643 vel
875 3576 992 3643 verbis
1014 3578 1064 3643 ita
1088 3577 1307 3643 enuntiatum
1323 3584 1386 3661 est,

140 3698 179 3756 ut
209 3713 279 3757 non
309 3691 413 3778 plene
444 3713 486 3756 ex
516 3690 590 3756 sola
621 3696 746 3755 natura
772 3697 876 3775 atque
901 3691 1150 3756 consuetudine
1172 3689 1291 3756 Latini
1315 3713 1385 3756 ser-

139 3803 251 3869 monis
274 3810 402 3890 pateat,
427 3803 488 3869 sed
510 3825 628 3869 veram
648 3802 720 3868 vim
736 3810 771 3869 et
785 3804 898 3869 lucem
914 3827 957 3869 ex
973 3804 1230 3891 comparatione
1247 3804 1385 3869 demum

142 3914 321 4000 analogiae
346 3915 499 3980 Graecae
523 3913 681 4002 accipiat.

246 4025 359 4091 Huius
381 4026 489 4112 igitur
513 4026 747 4092 Graecanicae
778 4027 922 4093 rationis
952 4035 1055 4113 atque
1085 4028 1321 4095 inclinationis
1350 4029 1387 4095 in

141 4137 196 4202 his
220 4137 427 4205 artificiosae
451 4146 576 4224 sectae,
607 4146 647 4206 ut
677 4140 727 4206 sic
759 4140 882 4225 dicam,
904 4114 1018 4227 poetis
1040 4140 1176 4206 Latinis
1199 4141 1387 4228 praecipua

141 4317 347 4324 —-—-.--—

246 4418 266 4487 ¹)
286 4418 369 4473 Oonf.
385 4418 506 4483 Quintil.
520 4420 590 4473 inst.
604 4424 677 4473 orat.
686 4418 810 4488 X‚1‚9e:
829 4419 972 4474 Horatius
988 4461 993 4473 .
1008 4461 1014 4474 .
1028 4463 1034 4478 .
1048 4464 1053 4476 .
1066 4421 1172 4490 plenus
1192 4424 1238 4475 est
1254 4417 1386 4474 iucundi·
1453 4480 1456 4487 Δ

139 4506 210 4560 tatis
235 4510 265 4559 et
287 4507 400 4575 gratiae
426 4510 455 4559 et
483 4508 585 4561 varius
609 4505 711 4576 figuris
738 4512 768 4560 et
786 4506 884 4561 verbis
909 4506 1079 4562 felicissime
1102 4505 1213 4570 audax;
1239 4511 1269 4560 et
1291 4507 1386 4576 ipsius

141 4590 245 4646 Horat.
264 4592 328 4663 Epi.
347 4592 386 4662 11,
408 4595 431 4661 l,
452 4593 515 4648 166:
534 4593 610 4648 Nam
630 4595 724 4664 spirat
741 4595 885 4663 tragicum
904 4595 977 4649 satis
997 4600 1027 4648 et
1045 4593 1170 4648 feliciter
1186 4592 1283 4648 audet.
