3098 5092
795 241 836 305 32

195 431 227 496 d.
259 428 442 509 commodi,
473 427 612 513 qualem
641 428 809 493 habemus
839 428 877 492 in
900 428 1029 514 Vergil.
1063 429 1124 494 Ge.
1149 430 1214 496 ΠΙ.
1239 433 1316 498 153:
1347 430 1451 498 huno

194 563 332 627 quoque
363 541 497 607 arcebis
526 540 673 626 gravido
705 541 841 628 peoori;
865 542 941 607 Eol.
966 545 996 624 7,
1019 545 1078 608 47:
1103 541 1290 609 solstitium
1319 545 1449 630 penori

195 653 381 719 defendite.
411 654 510 718 Idem
540 654 634 719 valet
664 654 706 718 de
736 654 815 720 loeo
839 654 878 720 Ο.
903 660 932 735 l,
956 660 986 737 5,
1009 659 1048 722 4:
1073 656 1129 720 oui
1158 655 1285 721 flavam
1313 657 1452 743 religas

195 789 329 833 comam
352 766 457 853 (conf.
480 767 578 831 Paul.
602 766 663 832 Sil.
686 767 724 830 in
746 766 853 833 Anth.
868 766 941 832 Pal.
958 772 989 851 5,
1005 773 1081 852 228,
1100 773 1136 834 1;
1161 767 1224 832 εἰπὲ
1245 774 1299 832 τίνι
1321 771 1450 846 πλὲξείς

194 880 235 944 ἔτι
266 882 446 964 βόστρυχον,
476 878 496 966 ἢ
527 884 582 942 τίνι
610 891 719 964 χεῖρας
739 880 744 964 Ι
765 882 954 967 φαιδρυνὲεις
987 879 1105 967 ὀνύχων
1136 879 1311 969 &narranda
1338 880 1448 967 ἀκίδᾳ,

194 992 254 1078 qui
278 992 416 1079 saepius
439 992 625 1058 Horatium
646 991 802 1057 imitatus
825 993 891 1078 est)
916 1000 951 1058 et
974 993 1011 1060 Ο.
1039 1000 1067 1076 1,
1083 1000 1113 1076 2,
1129 1000 1190 1062 25;
1214 1018 1317 1080 quem
1338 1007 1450 1065 vooet

195 1105 313 1171 divum
334 1104 485 1192 populus
512 1104 645 1170 ruentia
674 1099 799 1192 imperi
828 1105 956 1171 rebus?
989 1108 1069 1173 Non
1091 1129 1174 1174 voro
1197 1107 1266 1175 hue
1287 1110 1449 1196 pertinet

194 1219 233 1286 Ο.
260 1225 288 1303 1,
312 1223 364 1303 33,
388 1223 425 1286 9:
449 1220 559 1299 Quam
589 1219 684 1306 turpi
714 1218 847 1286 Pholoe
878 1228 1001 1307 peeoet
1033 1220 1202 1305 adultero,
1232 1221 1294 1287 ubi
1326 1222 1447 1309 „turpi

193 1333 370 1398 adultero“
397 1355 417 1397 a
440 1332 592 1398 Garokio
624 1354 687 1419 pro
720 1332 838 1399 dativo
871 1332 1031 1417 habetur,
1063 1341 1103 1399 ut
1132 1335 1178 1399 sit
1202 1358 1372 1422 „peccans
1404 1359 1445 1403 se

194 1447 307 1529 dedat,
321 1446 555 1531 gratificetur“
574 1450 630 1530 (=
645 1443 824 1532 ἁμαρτάνειν
840 1452 893 1510 τινί
904 1486 947 1495 -
959 1445 1156 1532 ἁμάρτουσαν
1170 1450 1356 1533 χαρίζεσθαί
1369 1449 1442 1538 τινι)

193 1561 258 1626 ool.
280 1558 393 1624 Lucil.
416 1560 482 1645 srg.
505 1559 573 1625 ino.
590 1560 625 1626 S.
641 1563 697 1627 89:
721 1581 792 1625 non
815 1560 975 1625 omnibus
1000 1560 1152 1626 dormio:
1177 1561 1313 1628 Terent.
1328 1561 1443 1630 Andr.

195 1678 223 1757 1,
247 1677 276 1755 2,
300 1676 361 1740 35:
385 1672 415 1736 si
439 1672 522 1757 quid
543 1679 677 1759 peceat,
700 1673 842 1755 Demea,
865 1673 951 1737 mihi
973 1682 1113 1760 peecat3
1137 1696 1218 1739 nam
1243 1673 1357 1761 „turpi
1380 1676 1445 1740 ad-

191 1783 324 1849 ultero“
343 1782 516 1849 ablativus
532 1791 586 1849 est
601 1783 645 1849 ab
660 1783 808 1850 Horatio
824 1785 959 1871 positus
975 1785 1019 1850 ad
1035 1785 1231 1872 analogiam
1252 1785 1445 1854 verborum

195 1898 344 1982 „ardere,
368 1898 490 1982 calere,
513 1898 667 1985 perire“;
693 1898 736 1965 cl.
761 1899 799 1964 Ο.
827 1903 855 1982 1,
879 1902 1009 1983 27,16;
1037 1899 1277 1985 „ingenuoque
1299 1923 1442 1988 semper

183 2030 308 2076 'amore
330 2016 475 2098 pooeae⁴⁴
501 2019 536 2077 et
558 2010 739 2096 Kiessling
760 2012 787 2078 Ι.
811 2035 845 2099 p.
870 2015 943 2081 104.

695 2226 931 2282 Continuabitur.
