3098 5092
794 268 814 330 9

161 451 276 542 ¹Lips.
309 459 403 541 1800,
433 456 501 521 vol.
531 456 646 538 1-113
678 456 720 522 G.
743 457 788 523 H.
811 455 966 538 Mueller,
999 456 1184 539 Argentcr.
1210 457 1310 538 1892;
1341 454 1427 519 Luc.

167 569 338 665 Mueller,
371 569 466 655 Lips.
500 573 583 636 1874
618 578 653 634 et
688 560 789 648 1883;
828 569 890 635 od.
923 579 958 633 ct
992 568 1104 653 Epcd.
1137 567 1291 634 Giessen.
1328 571 1427 649 1882;

185 682 221 747 Ο.
234 683 288 748 W.
305 682 437 764 Nauck,
463 680 581 766 „Odon
598 682 669 746 und
685 682 853 768 Epoden“
878 681 930 746 ed.
947 680 1011 745 III.
1028 681 1125 767 Lips·
1142 684 1242 762 18633
1268 680 1319 745 ed.
1336 680 1428 744 XIII

186 793 231 859 ib.
257 797 357 876 18893
385 792 937 874 Orellius·Baiter-Hirschfelder,
960 792 1075 874 Berel.
1102 796 1196 875 1886,
1218 793 1287 858 vol.
1311 793 1426 875 1-11;

186 908 241 973 Fr.
265 907 387 992 Pauly,
410 906 505 992 Lips.
531 910 632 988 18553
664 905 701 972 P.
726 906 769 970 H.
794 905 1009 991 Peerlkamp.
1037 905 1250 988 „Carmina“,
1273 905 1425 972 Harlem.
1472 913 1473 916 ’

188 1024 287 1103 1834;
311 1021 357 1086 Μ.
373 1019 597 1104 Petschnigg.
616 1018 816 1104 ,carnium
837 1019 944 1102 -Prag.
960 1032 995 1083 et
1008 1017 1104 1104 Lips.
1121 1021 1220 1100 18833
1237 1018 1278 1084 Ε.
1295 1019 1428 1083 Roseu-

187 1133 280 1218 berg.
299 1133 404 1199 Goth.
424 1135 519 1214 18903
544 1131 588 1195 H.
604 1131 765 1213 Schuetz,
792 1129 910 1215 „Oden
924 1130 994 1193 und
1012 1130 1176 1215 Epoden“
1195 1130 1426 1211 Berol.1874;

184 1247 237 1312 ed.
260 1245 296 1309 II
319 1244 365 1311 ib.
390 1248 484 1311 1880.

286 1359 339 1423 Ila
353 1380 436 1424 vero
460 1334 638 1443 opuscula,
662 1357 788 1442 quibus
811 1379 889 1423 raro
914 1357 967 1422 usi
991 1380 1118 1437 sumus,
1143 1357 1214 1421 suis
1239 1357 1325 1422 locis
1351 1356 1427 1421 dili-

184 1480 306 1557 genter
329 1469 519 1535 afferemus.

150 1613 152 1616 ⁴
222 1617 224 1622 ·
290 1583 355 1647 His
386 1604 468 1668 ergo
499 1582 652 1647 virorum
683 1583 865 1648 doctorum
895 1583 1084 1668 opusculis,
1095 1584 1121 1668 ¹)
1154 1581 1280 1667 quibus
1304 1582 1429 1647 addere

189 1696 353 1761 debemus
376 1695 501 1760 librum
517 1697 583 1761 Ad.
607 1696 765 1761 Waltzii:
794 1697 884 1778 „Des
907 1695 1097 1760 variations
1122 1697 1164 1760 de
1187 1696 1222 1760 la
1244 1695 1371 1781 langue
1395 1704 1430 1759 et

186 1811 228 1874 de
250 1811 284 1874 la
306 1808 475 1894 metrique
490 1809 693 1893 d’Horace“,
717 1808 824 1874 Paris.
850 1813 943 1891 1881,
967 1808 1034 1873 nisi
1058 1809 1101 1874 ad
1124 1815 1280 1873 nostrum
1303 1828 1429 1893 propo-

185 1923 289 1987 situm
318 1921 482 1987 accedere
511 1942 705 2007 possumus,
737 1942 805 2006 quo
837 1921 1067 1987 ostendamur.
1092 1921 1127 1984 in
1152 1928 1319 2006 quantum
1342 1941 1428 1985 non-

183 2034 279 2099 nulla
296 2034 332 2099 in
347 2033 484 2099 Horatii
502 2033 721 2117 carminibus,
748 2057 835 2118 quae
851 2034 1077 2099 inveniuntur
1091 2057 1111 2099 a
1127 2054 1284 2098 sermone
1300 2031 1428 2098 Latino

185 2146 321 2212 diversa
345 2146 483 2211 dicendi
511 2169 648 2231 genera,
681 2147 722 2211 ad
754 2153 875 2233 poetas
898 2146 1044 2232 Lyricos
1069 2146 1222 2211 Graecos
1245 2144 1429 2210 referenda

187 2282 261 2325 esse
284 2260 477 2324 videantur.

288 2372 382 2451 Quae
405 2393 460 2436 res
485 2378 522 2436 ut
537 2371 751 2435 >difficillima
774 2385 827 2435 est
849 2372 917 2436 iam
941 2391 992 2454 eo,
1024 2371 1117 2456 quod
1144 2392 1256 2456 pauca
1279 2377 1429 2434 tantum·

184 2485 286 2550 modo
309 2484 517 2569 Lyricorum
546 2484 741 2570 fragmenta
774 2483 876 2549 nobis
912 2490 1050 2548 servata
1079 2491 1170 2566 sunt,
1181 2486 1206 2570 2)
1238 2485 1288 2549 ita
1311 2484 1435 2550 multis

184 2599 271 2664 locis
301 2599 344 2663 ad
375 2607 506 2663 certum
536 2596 640 2663 finem
672 2598 814 2684 perduci
842 2597 902 2662 vix
928 2597 1066 2684 poterit,
1103 2619 1180 2663 cum
1218 2599 1429 2665 Graecorum
1477 2640 1483 2649 ·

185 2712 390 2798 scriptorum
416 2711 553 2776 dicendi
575 2711 664 2776 ratio
689 2709 793 2775 etium
816 2710 950 2775 solutae
974 2709 1142 2775 orationis
1162 2711 1271 2776 multo
1288 2711 1430 2778 liberior

186 2825 231 2889 sit
254 2847 357 2910 quam
379 2825 583 2890 Latinorum
607 2846 716 2909 eaque
741 2823 782 2886 de
807 2844 911 2887 causa
934 2822 1118 2887 discrimen
1140 2823 1232 2888 inter
1254 2825 1428 2910 poetieam

186 2937 391 3022 Lyricorum
415 2947 450 3001 et
472 2937 620 3002 solutam
644 2936 836 3002 orationem
860 2937 968 3002 multo
994 2935 1170 3000 difficilius
1184 2937 1291 3001 statui
1308 2938 1428 3023 possit.

170 3049 245 3134 (cf.
278 3050 319 3115 G.
350 3050 539 3114 Hermanni
567 3070 643 3136 op.:
682 3050 753 3133 ,De
789 3048 985 3113 differentia
1017 3072 1069 3136 pr.
1101 3056 1196 3137 etp.
1228 3071 1274 3114 or.
1309 3049 1429 3137 disp.“,

185 3163 280 3251 Lips.
306 3164 414 3245 1803.)

291 3276 373 3342 Jam
403 3274 563 3358 sufficiat,
595 3277 624 3338 si
655 3274 755 3340 nobis
789 3273 976 3359 contigerit
1007 3275 1067 3338 uni
1096 3275 1154 3340 vel
1177 3275 1286 3356 alteri,
1311 3275 1429 3360 quiin

187 3387 324 3452 Horatii
355 3386 564 3452 carminibus
595 3393 741 3464 exstant,
772 3387 929 3452 locorum
953 3386 1148 3451 difficilium
1170 3387 1283 3452 lucem
1308 3386 1429 3452 afferre

187 3500 397 3585 Graecisque
420 3500 535 3565 verbis
560 3499 696 3565 collatis
726 3500 826 3564 novis
859 3499 958 3584 quasi
988 3499 1094 3564 radiis
1124 3500 1314 3582 illustrare,
1348 3523 1428 3565 nam

187 3634 383 3677 asseverare
414 3612 507 3695 licet,
538 3611 712 3677 neminem
739 3611 877 3676 Horatii
909 3612 1061 3676 carmina
1083 3634 1235 3697 unquam
1258 3619 1353 3677 recte
1377 3613 1429 3677 in·

184 3725 404 3790 tellecturum
435 3747 519 3807 esse,
550 3725 618 3788 nisi
650 3725 709 3809 qui
739 3724 824 3789 item
854 3725 988 3790 Graeca
1019 3724 1180 3789 didicerit
1206 3725 1343 3789 naviter
1366 3726 1428 3789 im-

184 3836 372 3924 primisque
395 3844 515 3924 poetas
540 3838 691 3903 Graecos
715 3837 835 3902 sedulo
854 3837 1066 3902 tractaverit.
1085 3837 1330 3915 Quaestionem
1346 3860 1428 3904 vcro

186 3952 229 4016 ab
256 3951 402 4016 Horatio
434 3972 505 4016 non
537 3951 762 4016 coercendam
793 3972 868 4014 esse
900 3949 1098 4014 censuimus
1130 3951 1172 4014 ad
1204 3951 1296 4016 solos
1320 3951 1429 4017 libros

292 4213 311 4278 ¹)
329 4211 479 4281 Inspicere
496 4227 544 4264 me
562 4227 633 4264 vero
651 4227 711 4262 non
730 4209 813 4264 licuit
831 4228 897 4280 opp.
916 4210 1040 4265 Lundii:
1060 4211 1121 4280 „De
1140 4210 1340 4281 parallelismo
1360 4227 1428 4281 syn·

186 4300 264 4354 taxis
283 4299 412 4353 Graecae
431 4312 462 4351 et
478 4298 628 4364 Latinae“‚
647 4297 819 4367 Kopenhag.
841 4299 921 4360 1845;
941 4301 975 4355 A.
988 4298 1135 4353 Moelleri:
1156 4297 1430 4368 „ParallelSyntax

186 4385 238 4439 der
256 4385 304 4438 Gr.
324 4383 382 4437 und
401 4384 466 4438 Lat.
480 4385 569 4454 Spr.“,
588 4384 610 4437 I.
623 4383 808 4454 Oasuslehre,
821 4385 840 4438 J
842 4402 915 4438 enac
930 4385 1011 4445 1850;
1025 4388 1059 4439 A.
1072 4385 1274 4453 Heidelberg:
1294 4386 1429 4455 „Systcm

188 4471 213 4528 d.
234 4472 281 4525 Gr.
301 4469 362 4524 und
380 4472 445 4525 Lat.
464 4471 585 4542 Syntax,
605 4471 645 4523 1.“
663 4469 790 4527 Norden.
812 4471 887 4529 1857,

289 4561 310 4628 ²)
330 4559 394 4613 Illis
414 4558 635 4628 quadringentis
655 4575 696 4611 ca.
715 4574 764 4615 vv.
782 4557 969 4629 Bacchylidis
988 4576 1084 4629 nuper
1102 4560 1132 4612 in
1150 4560 1285 4628 Aegypto
1304 4559 1429 4627 repertis

186 4645 317 4699 nondum
336 4645 422 4700 editis
442 4644 520 4716 quod
539 4648 583 4698 uti
601 4660 660 4696 non
678 4646 772 4714 potui,
790 4645 877 4699 valdo
896 4644 991 4701 doleo
