3098 5092
748 183 788 244 22

670 458 722 524 De
745 456 875 524 dativo.

251 617 379 701 Ingens
414 621 467 678 est
496 635 659 678 numerus
688 611 884 695 verborum,
916 610 1041 695 quibus
1071 618 1196 697 poetae
1218 608 1341 674 Latini
1368 618 1407 675 et

146 728 306 817 inprimis
340 726 507 793 Horatius
543 726 699 791 dativum
730 725 880 808 addunt,
925 746 1027 808 quem
1061 744 1231 810 personae
1265 716 1407 788 vocant

147 841 376 927 grammatici,
406 839 504 905 cuius
526 840 605 904 loco
630 837 712 904 boni
736 838 870 903 solutae
895 836 1062 902 orationis
1086 836 1272 922 scriptores
1297 816 1405 922 praess
1486 836 1488 841 ⁸

147 951 360 1040 positionem
392 975 469 1016 eum
499 950 653 1017 ablativo
677 951 734 1016 vel
758 950 957 1016 accusativo
981 947 1164 1032 adhibent3
1196 949 1256 1014 sed
1279 957 1406 1034 poste·
1481 934 1483 939 Α

148 1065 298 1132 rioribus
332 1064 547 1151 temporibus
584 1064 688 1129 etiam
722 1063 909 1150 scriptores
944 1060 1078 1128 solutae
1115 1061 1284 1126 orationis
1315 1059 1405 1126 huic

149 1177 288 1242 dicendi
310 1177 430 1262 generi
447 1199 484 1242 se
502 1176 775 1264 applicaverunt.
800 1176 889 1240 Sunt
910 1175 1027 1257 verba,
1051 1173 1176 1258 quibus
1199 1170 1297 1238 notio
1321 1172 1404 1238 iun-

148 1289 265 1375 gendi,
288 1288 478 1375 pugnandi,
510 1288 690 1373 miscendi,
722 1287 966 1370 contendendi,
998 1285 1236 1368 dissentiendi,
1268 1284 1404 1350 disere-

148 1401 256 1489 pandi
280 1401 381 1466 inest.
414 1403 467 1466 De
490 1401 624 1468 ratione
655 1423 739 1468 vero
770 1401 873 1466 huius
905 1398 1172 1467 constructionis
1195 1398 1287 1462 haud
1312 1397 1403 1463 satis

152 1514 244 1578 inter
269 1514 513 1599 grammaticos
541 1514 722 1596 convenit3
755 1513 813 1577 alii
845 1511 937 1577 enim
967 1509 1160 1596 simplicem
1185 1509 1403 1574 Graecorum

149 1626 380 1692 imitationem
395 1626 433 1691 in
448 1626 502 1690 his
519 1626 646 1690 dativis
670 1634 873 1713 agnoscunt,
898 1623 957 1689 alii
973 1647 993 1688 a
1008 1630 1132 1688 natura
1155 1643 1233 1685 cum
1255 1619 1403 1703 linguae

149 1739 297 1804 Latinae
320 1746 395 1803 tum
419 1761 519 1803 casus
542 1738 638 1803 tertii
661 1738 753 1801 huno
778 1759 878 1801 usum
901 1759 970 1802 non
988 1758 1063 1801 esse
1081 1734 1231 1800 alienum
1254 1739 1402 1797 conten-

151 1851 253 1934 dunt;
278 1874 365 1937 quae
382 1841 555 1916 sententia
569 1850 801 1937 posteriorum
823 1849 969 1916 fortasse
985 1849 1022 1913 in
1037 1847 1152 1913 verbis
1169 1844 1402 1911 dissentiendi

151 1977 186 2028 et
210 1963 430 2050 discrepandi
455 1964 571 2028 locum
593 1963 709 2044 habet,
734 1984 813 2026 oum
837 1960 941 2025 etiam
960 1959 1051 2046 apud
1074 1957 1186 2023 bonos
1210 1956 1400 2042 scriptores

152 2074 307 2139 dativum
339 2075 512 2139 asciscant
547 2075 605 2160 (ef.
636 2075 775 2141 Kuehn.
806 2075 846 2140 L.
871 2073 930 2139 Gr.
953 2073 998 2139 Π.
1025 2095 1058 2158 p.
1083 2074 1157 2152 234,
1182 2075 1201 2136 d
1231 2072 1329 2153 576)
1362 2076 1401 2134 et

152 2187 291 2252 dativus
315 2187 501 2274 praecipue
519 2187 564 2252 sit
578 2187 767 2271 relationis,
792 2207 1000 2272 quamquam
1022 2206 1093 2249 non
1117 2181 1315 2268 negandum
1331 2187 1420 2267 est,'

151 2300 255 2363 etiam
280 2300 492 2365 Graecorum
519 2300 704 2366 imitationi
729 2301 765 2365 in
788 2299 917 2364 talibus
946 2295 1263 2363 constructionibus
1287 2293 1399 2379 expli-

152 2410 271 2475 candis
296 2410 426 2495 aliquid
452 2432 527 2475 esse
551 2411 784 2480 tribuendum.

255 2523 355 2601 Quod
379 2531 472 2588 certe
495 2525 590 2589 valet
613 2524 655 2587 de
679 2524 794 2588 verbis
818 2523 1006 2610 pugnandi,
1031 2521 1188 2587 certandi
1211 2519 1401 2585 similibus-

151 2648 229 2721 (μισ,
253 2637 341 2721 quae
358 2659 377 2700 a
390 2637 505 2722 poetis
523 2636 666 2703 Graecis
689 2637 761 2701 fere
787 2637 945 2702 omnibus
968 2636 1056 2701 loeis
1080 2657 1158 2700 cum
1182 2633 1300 2698 dativo
1316 2654 1401 2697 oon·

25 2837 27 2841 .
150 2747 342 2833 iunguntur
374 2750 479 2835 (conf.
512 2749 679 2814 Kuehner
710 2749 769 2815 Gr.
795 2750 854 2815 Gr.
878 2750 922 2815 ΙΙ.
953 2772 986 2835 p.
1009 2753 1072 2814 353
1104 2769 1153 2832 sq.
1185 2749 1300 2829 5423,
1332 2748 1399 2832 ll).

151 2861 255 2947 Apud
288 2862 400 2926 solum
430 2861 619 2927 Pindarum
650 2862 717 2927 hoc
747 2862 851 2928 modo
883 2869 1069 2948 usurpatur
1099 2860 1243 2925 verbum
1276 2857 1399 2942 ἐρίζεινε

150 2973 249 3040 Nem.
267 2979 296 3057 5,
313 2978 370 3040 39:
403 2974 478 3038 ἔνθα
501 3026 508 3041 .
533 3027 539 3039 .
566 3026 571 3038 .
599 3026 605 3039 .
630 2978 732 3038 σθένει
760 2980 850 3056 γαίων
874 2974 997 3059 ἐρίζοντι
1019 2977 1146 3057 θρασεῑ;
1177 2972 1262 3037 Isth.
1280 2970 1323 3059 (3,
1341 2975 1399 3060 47)

150 3090 180 3170 4,
194 3091 252 3153 29:
279 3087 506 3152 Πανελλάνεσσι
528 3090 554 3152 δ’
569 3088 735 3174 ἐριζόμενοι
758 3091 879 3171 δαπάνα
893 3101 1003 3173 χαῖρον
1018 3086 1133 3162 irinum
1159 3091 1189 3169 8,
1206 3090 1247 3152 27
1262 3089 1306 3168 (7,
1321 3085 1398 3172 60):

150 3198 226 3272 Ζεός
243 3199 284 3263 ὅτ’
299 3198 378 3288 ἀμφὶ
395 3200 519 3273 Θέτιδος
536 3200 651 3281 ἀγλαός
666 3205 691 3264 τ’
709 3201 810 3284 ἔρισαν
828 3199 979 3264 Ποσειδᾶν
1001 3205 1088 3285 γάμῳ
1106 3198 1222 3285 (ἔρισαν
1237 3197 1399 3283 Heynius

152 3333 180 3376 e.
198 3296 318 3397 schol„
334 3313 414 3378 iibri
432 3314 546 3398 ἐρισας,
564 3315 657 3399 quod
679 3321 775 3379 tenet
789 3312 1014 3399 Mommsen);
1038 3311 1135 3376 Nem.
1153 3314 1183 3392 8,
1200 3314 1261 3375 22:
1279 3309 1401 3374 ἅπτεται

152 3415 178 3491 δ’
196 3425 293 3490 ἐσλῶν
317 3425 372 3506 ἀεί,
400 3431 569 3512 χειρόνεσσι
593 3427 618 3489 δ’
642 3423 699 3490 οὐκ
722 3425 811 3510 ἐρίζει
833 3427 996 3512 (φθόνος);
1020 3423 1123 3509 Pyth.
1147 3427 1177 3506 4,
1197 3426 1277 3489 285:
1302 3422 1401 3508 ἐμαθε

152 3541 178 3602 δ’
214 3537 372 3623 ὑβρίζοντα
404 3551 510 3624 μισεῖν,
551 3538 609 3603 oda
639 3538 742 3623 ἐρίζων
774 3537 858 3601 ἀντία
887 3549 951 3609 τοῖς
982 3535 1129 3617 ἀγαδοῑςς
1169 3534 1259 3600 oonf.
1291 3535 1399 3602 Anth.

150 3651 224 3718 Pal.
242 3656 272 3735 9,
289 3656 369 3719 380:
393 3654 530 3737 τολμῑρεν
546 3654 573 3715 δ’
591 3651 689 3736 ἐρίσαι
705 3664 826 3723 σκῶπες
851 3649 1013 3737 ἀηδονίσιν.
1036 3648 1174 3726 Deinde
1197 3646 1400 3733 saepissime

152 3765 244 3850 apud
257 3764 446 3828 Pindarum
458 3771 494 3828 et
507 3764 659 3848 reliquos
671 3764 818 3850 Lyricos
835 3762 1061 3827 inveniuntur
1072 3761 1178 3826 verba
1191 3813 1207 3848 „
1213 3764 1400 3847 μάρνασθαι,

153 3879 321 3961 μάχεσθαι,
343 3878 515 3961 πολεμίζειν
532 3881 607 3959 τινί,
638 3879 674 3960 α)
693 3879 886 3962 μάρνασθαι
910 3874 1010 3940 Pind.
1027 3874 1078 3939 Ol.
1095 3877 1125 3959 6,
1143 3878 1199 3941 17:
1227 3872 1399 3960 ἀμφότερον

152 3993 253 4073 μάντιν
268 3988 293 4050 τ’
310 3987 425 4070 ἀγαθόν
444 3992 496 4052 uui
519 3990 606 4072 δοορί
623 3991 815 4074 μάρνασθαι;
839 3987 943 4073 Pyth.
957 3991 987 4069 9,
1000 3991 1056 4053 21:
1083 3985 1257 4050 ἀκόντεσσίν
1272 4009 1303 4048 τε
1318 3987 1399 4070 χαλ-

146 4106 235 4172 -οιὲοις
252 4106 397 4187 φασγάνῳ
414 4124 444 4164 τε
462 4107 637 4187 μαρναμένα
651 4105 796 4185 τιεραίζειν
814 4099 938 4185 ἀγρίους
951 4102 1072 4185 θῆρας
1096 4098 1193 4163 Nem.
1209 4102 1237 4177 1,
1252 4103 1309 4164 25:
1333 4101 1397 4185 χρὴ

152 4212 179 4277 δ’
198 4211 228 4276 ἐν
252 4211 384 4286 εὐθείαις
410 4212 495 4286 ὁδοῖς
512 4219 668 4299 στείχοντα
685 4216 861 4299 μάρνασθαι
876 4223 956 4300 φοόμ
981 4212 1071 4278 conf.
1088 4211 1187 4297 frgm.
1205 4214 1245 4277 29
1263 4211 1343 4296 (24),
1361 4213 1397 4276 1:

152 4323 354 4414 ἀμφιπόλοισι
381 4331 569 4411 μαρνάμενον
594 4337 701 4412 μοιρᾶν
724 4329 791 4410 περὶ
813 4336 899 4410 τιμάν
922 4323 1132 4400 &concinna
1163 4324 1259 4408 Tyrt.
1284 4327 1313 4402 8,
1341 4325 1398 4389 18:

153 4436 283 4522 ἀνδράσι
307 4443 508 4524 μαρνάμενοι;
542 4437 710 4504 Simonid.
735 4441 776 4504 92
801 4438 887 4523 (Ine.
911 4438 967 4524 2.),
991 4441 1028 4502 4;
1059 4439 1211 4509 πλείστοις
1240 4434 1399 4498 Ἑλλάνων

152 4548 235 4612 ἀντία
267 4555 468 4636 μαρνάμενοι;
504 4554 555 4634 89,
579 4555 616 4616 23
649 4555 834 4635 μαρνάμενοι
856 4548 971 4636 Μήδιον
1001 4551 1175 4638 τοξοφόρων
1204 4552 1398 4634 πρόμάχοις;
