<?xml version="1.0" encoding="UTF-8"?>
<!DOCTYPE html PUBLIC "-//W3C//DTD XHTML 1.0 Transitional//EN"
    "http://www.w3.org/TR/xhtml1/DTD/xhtml1-transitional.dtd">
<html xmlns="http://www.w3.org/1999/xhtml" xml:lang="en" lang="en">
 <head>
  <title>
</title>
<meta http-equiv="Content-Type" content="text/html;charset=utf-8" />
  <meta name='ocr-system' content='tesseract 3.04.00' />
  <meta name='ocr-capabilities' content='ocr_page ocr_carea ocr_par ocr_line ocrx_word'/>
</head>
<body>
  <div class='ocr_page' id='page_1' title='image "./horatianasivede00phgoog_0022.png"; bbox 0 0 3098 5092; ppageno 0'>
   <div class='ocr_carea' id='block_1_1' title="bbox 664 240 819 336">
    <p class='ocr_par' dir='ltr' id='par_1_1' title="bbox 664 240 819 336">
     <span class='ocr_line' id='line_1_1' title="bbox 664 240 819 336; baseline 0 -34"><span class='ocrx_word' id='word_1_1' title='bbox 664 240 819 336; x_wconf 38' lang='grc' dir='ltr'>*ιι-</span> 
     </span>
    </p>
   </div>
   <div class='ocr_carea' id='block_1_2' title="bbox 114 422 1413 4246">
    <p class='ocr_par' dir='ltr' id='par_1_2' title="bbox 114 422 1365 1305">
     <span class='ocr_line' id='line_1_2' title="bbox 116 422 1365 514; baseline -0.001 -20"><span class='ocrx_word' id='word_1_2' title='bbox 116 430 220 494; x_wconf 88' lang='grc' dir='ltr'>Δάλυι’</span> <span class='ocrx_word' id='word_1_3' title='bbox 244 427 385 492; x_wconf 83' lang='grc' dir='ltr'>ἀνάσσων</span> <span class='ocrx_word' id='word_1_4' title='bbox 411 427 527 512; x_wconf 80' lang='grc' dir='ltr'>Φοῖβε;</span> <span class='ocrx_word' id='word_1_5' title='bbox 564 450 666 493; x_wconf 87' lang='lat' dir='ltr'><strong>carm.</strong></span> <span class='ocrx_word' id='word_1_6' title='bbox 683 450 764 514; x_wconf 89' lang='lat' dir='ltr'><strong>pop.</strong></span> <span class='ocrx_word' id='word_1_7' title='bbox 782 431 834 510; x_wconf 82' lang='grc'><strong>46,</strong></span> <span class='ocrx_word' id='word_1_8' title='bbox 853 432 869 494; x_wconf 99' lang='lat'>1</span> <span class='ocrx_word' id='word_1_9' title='bbox 889 427 937 514; x_wconf 90' lang='lat' dir='ltr'><strong>(p.</strong></span> <span class='ocrx_word' id='word_1_10' title='bbox 954 431 1047 510; x_wconf 85' lang='lat'>319):</span> <span class='ocrx_word' id='word_1_11' title='bbox 1078 422 1160 492; x_wconf 82' lang='grc' dir='ltr'>Ἄλει</span> <span class='ocrx_word' id='word_1_12' title='bbox 1184 431 1266 514; x_wconf 98' lang='grc' dir='ltr'>μύλα</span> <span class='ocrx_word' id='word_1_13' title='bbox 1289 427 1365 493; x_wconf 83' lang='grc' dir='ltr'>άλει·</span> 
     </span>
     <span class='ocr_line' id='line_1_3' title="bbox 114 539 1362 627; baseline 0.001 -19"><span class='ocrx_word' id='word_1_14' title='bbox 114 548 168 609; x_wconf 86' lang='grc' dir='ltr'>καί</span> <span class='ocrx_word' id='word_1_15' title='bbox 190 547 247 627; x_wconf 73' lang='grc' dir='ltr'><strong>γὰρ</strong></span> <span class='ocrx_word' id='word_1_16' title='bbox 265 541 412 615; x_wconf 77' lang='grc' dir='ltr'>Πιττακὸς</span> <span class='ocrx_word' id='word_1_17' title='bbox 431 541 507 616; x_wconf 85' lang='grc' dir='ltr'>άλει,</span> <span class='ocrx_word' id='word_1_18' title='bbox 532 543 668 626; x_wconf 75' lang='grc' dir='ltr'>μεγάλας</span> <span class='ocrx_word' id='word_1_19' title='bbox 685 539 860 612; x_wconf 85' lang='grc' dir='ltr'>Μιτυλάνας</span> <span class='ocrx_word' id='word_1_20' title='bbox 878 541 1064 624; x_wconf 85' lang='grc' dir='ltr'>βασιλεύων;</span> <span class='ocrx_word' id='word_1_21' title='bbox 1089 540 1257 608; x_wconf 82' lang='lat' dir='ltr'><strong>Simonid.</strong></span> <span class='ocrx_word' id='word_1_22' title='bbox 1274 545 1326 625; x_wconf 89' lang='grc'><strong>48,</strong></span> <span class='ocrx_word' id='word_1_23' title='bbox 1343 545 1362 608; x_wconf 88' lang='grc'><strong>3</strong></span> 
     </span>
     <span class='ocr_line' id='line_1_4' title="bbox 117 651 1364 744; baseline 0 -23"><span class='ocrx_word' id='word_1_24' title='bbox 117 657 260 744; x_wconf 80' lang='lat' dir='ltr'><strong>(Bergk.</strong></span> <span class='ocrx_word' id='word_1_25' title='bbox 285 655 336 719; x_wconf 90' lang='lat' dir='ltr'><strong>ed.</strong></span> <span class='ocrx_word' id='word_1_26' title='bbox 359 654 452 737; x_wconf 84' lang='lat' dir='ltr'><strong>IV.):</strong></span> <span class='ocrx_word' id='word_1_27' title='bbox 484 652 593 725; x_wconf 83' lang='grc' dir='ltr'>ἄστεος</span> <span class='ocrx_word' id='word_1_28' title='bbox 616 652 754 738; x_wconf 77' lang='grc' dir='ltr'>Λεχαίου</span> <span class='ocrx_word' id='word_1_29' title='bbox 785 651 958 727; x_wconf 85' lang='grc' dir='ltr'>π’άνασσεν;</span> <span class='ocrx_word' id='word_1_30' title='bbox 992 652 1035 718; x_wconf 89' lang='lat' dir='ltr'><strong>cf.</strong></span> <span class='ocrx_word' id='word_1_31' title='bbox 1060 653 1204 719; x_wconf 81' lang='lat' dir='ltr'><strong>Theocr.</strong></span> <span class='ocrx_word' id='word_1_32' title='bbox 1229 658 1280 737; x_wconf 97' lang='lat'><strong>17,</strong></span> <span class='ocrx_word' id='word_1_33' title='bbox 1304 658 1364 721; x_wconf 87' lang='lat'><strong>85:</strong></span> 
     </span>
     <span class='ocr_line' id='line_1_5' title="bbox 116 763 1361 852; baseline -0.002 -19"><span class='ocrx_word' id='word_1_34' title='bbox 116 781 174 833; x_wconf 79' lang='grc' dir='ltr'><strong>τῶν</strong></span> <span class='ocrx_word' id='word_1_35' title='bbox 197 773 312 833; x_wconf 88' lang='grc' dir='ltr'>πάντων</span> <span class='ocrx_word' id='word_1_36' title='bbox 330 765 522 852; x_wconf 82' lang='grc' dir='ltr'>Πτολεμαῖος</span> <span class='ocrx_word' id='word_1_37' title='bbox 546 765 666 852; x_wconf 78' lang='grc' dir='ltr'>ἀγήνωρ</span> <span class='ocrx_word' id='word_1_38' title='bbox 683 763 726 838; x_wconf 82' lang='grc' dir='ltr'>εἷς</span> <span class='ocrx_word' id='word_1_39' title='bbox 743 767 896 849; x_wconf 77' lang='grc' dir='ltr'>βασιλεύει</span> <span class='ocrx_word' id='word_1_40' title='bbox 912 766 945 851; x_wconf 87' lang='lat' dir='ltr'><strong>(e</strong></span> <span class='ocrx_word' id='word_1_41' title='bbox 969 765 1168 831; x_wconf 91' lang='lat' dir='ltr'><strong>coniectura</strong></span> <span class='ocrx_word' id='word_1_42' title='bbox 1190 765 1361 831; x_wconf 84' lang='lat' dir='ltr'><strong>Maineck.</strong></span> 
     </span>
     <span class='ocr_line' id='line_1_6' title="bbox 117 877 1363 968; baseline -0.004 -21"><span class='ocrx_word' id='word_1_43' title='bbox 117 903 181 968; x_wconf 91' lang='lat' dir='ltr'><strong>pro</strong></span> <span class='ocrx_word' id='word_1_44' title='bbox 195 881 289 964; x_wconf 86' lang='lat' dir='ltr'><strong>vulg.</strong></span> <span class='ocrx_word' id='word_1_45' title='bbox 306 878 515 966; x_wconf 78' lang='grc' dir='ltr'>ἐμβασιλεύει)</span> <span class='ocrx_word' id='word_1_46' title='bbox 529 902 536 961; x_wconf 86' lang='grc'>;</span> <span class='ocrx_word' id='word_1_47' title='bbox 560 882 612 961; x_wconf 89' lang='grc'><strong>21,</strong></span> <span class='ocrx_word' id='word_1_48' title='bbox 628 883 686 961; x_wconf 79' lang='lat'><strong>603</strong></span> <span class='ocrx_word' id='word_1_49' title='bbox 712 877 851 964; x_wconf 80' lang='grc' dir='ltr'>(ὤμοσα)</span> <span class='ocrx_word' id='word_1_50' title='bbox 878 890 973 964; x_wconf 83' lang='grc' dir='ltr'>μενεῖν</span> <span class='ocrx_word' id='word_1_51' title='bbox 996 877 1042 942; x_wconf 77' lang='grc' dir='ltr'><strong>ἐπὶ</strong></span> <span class='ocrx_word' id='word_1_52' title='bbox 1063 889 1120 959; x_wconf 71' lang='grc' dir='ltr'><strong>γᾶς</strong></span> <span class='ocrx_word' id='word_1_53' title='bbox 1135 883 1241 943; x_wconf 73' lang='grc' dir='ltr'>καίτοι</span> <span class='ocrx_word' id='word_1_54' title='bbox 1255 890 1363 964; x_wconf 81' lang='grc' dir='ltr'>χρυσῶ</span> 
     </span>
     <span class='ocr_line' id='line_1_7' title="bbox 118 990 1364 1079; baseline -0.002 -21"><span class='ocrx_word' id='word_1_55' title='bbox 118 994 307 1078; x_wconf 79' lang='grc' dir='ltr'>βασιλεύσειν</span> <span class='ocrx_word' id='word_1_56' title='bbox 338 991 413 1079; x_wconf 91' lang='lat' dir='ltr'><strong>(ubi</strong></span> <span class='ocrx_word' id='word_1_57' title='bbox 440 999 595 1078; x_wconf 78' lang='lat' dir='ltr'><strong>praestat</strong></span> <span class='ocrx_word' id='word_1_58' title='bbox 624 991 704 1056; x_wconf 89' lang='lat' dir='ltr'><strong>fort.</strong></span> <span class='ocrx_word' id='word_1_59' title='bbox 729 1013 807 1055; x_wconf 90' lang='lat' dir='ltr'><strong>cum</strong></span> <span class='ocrx_word' id='word_1_60' title='bbox 829 990 965 1056; x_wconf 86' lang='lat' dir='ltr'><strong>Ahrans</strong></span> <span class='ocrx_word' id='word_1_61' title='bbox 996 991 1146 1056; x_wconf 87' lang='lat' dir='ltr'><strong>scribere</strong></span> <span class='ocrx_word' id='word_1_62' title='bbox 1172 1003 1233 1077; x_wconf 82' lang='grc' dir='ltr'><strong>,τῑρ</strong></span> <span class='ocrx_word' id='word_1_63' title='bbox 1256 1003 1364 1077; x_wconf 74' lang='grc' dir='ltr'>χρυσῷ</span> 
     </span>
     <span class='ocr_line' id='line_1_8' title="bbox 116 1103 1362 1195; baseline -0.002 -23"><span class='ocrx_word' id='word_1_64' title='bbox 116 1114 172 1195; x_wconf 84' lang='lat' dir='ltr'><strong>„et</strong></span> <span class='ocrx_word' id='word_1_65' title='bbox 187 1128 271 1173; x_wconf 91' lang='lat' dir='ltr'><strong>auro</strong></span> <span class='ocrx_word' id='word_1_66' title='bbox 287 1106 397 1170; x_wconf 89' lang='lat' dir='ltr'><strong>instar</strong></span> <span class='ocrx_word' id='word_1_67' title='bbox 412 1104 505 1190; x_wconf 88' lang='lat' dir='ltr'><strong>regis</strong></span> <span class='ocrx_word' id='word_1_68' title='bbox 521 1104 696 1170; x_wconf 82' lang='lat' dir='ltr'><strong>victurum</strong></span> <span class='ocrx_word' id='word_1_69' title='bbox 711 1105 818 1186; x_wconf 83' lang='lat' dir='ltr'><strong>esse“,</strong></span> <span class='ocrx_word' id='word_1_70' title='bbox 835 1111 874 1168; x_wconf 94' lang='lat' dir='ltr'><strong>ut</strong></span> <span class='ocrx_word' id='word_1_71' title='bbox 890 1103 939 1169; x_wconf 90' lang='lat' dir='ltr'><strong>ait</strong></span> <span class='ocrx_word' id='word_1_72' title='bbox 956 1103 992 1169; x_wconf 83' lang='grc' dir='ltr'><strong>Ο.</strong></span> <span class='ocrx_word' id='word_1_73' title='bbox 1009 1104 1170 1188; x_wconf 89' lang='lat' dir='ltr'><strong>Hartung</strong></span> <span class='ocrx_word' id='word_1_74' title='bbox 1184 1104 1221 1169; x_wconf 91' lang='lat' dir='ltr'><strong>in</strong></span> <span class='ocrx_word' id='word_1_75' title='bbox 1237 1103 1362 1170; x_wconf 87' lang='lat' dir='ltr'><strong>Philol.</strong></span> 
     </span>
     <span class='ocr_line' id='line_1_9' title="bbox 115 1217 420 1305; baseline -0.003 -20"><span class='ocrx_word' id='word_1_76' title='bbox 115 1241 147 1285; x_wconf 80' lang='lat' dir='ltr'><strong>v.</strong></span> <span class='ocrx_word' id='word_1_77' title='bbox 171 1222 214 1286; x_wconf 83' lang='lat'><strong>24</strong></span> <span class='ocrx_word' id='word_1_78' title='bbox 236 1241 270 1305; x_wconf 89' lang='lat' dir='ltr'><strong>p.</strong></span> <span class='ocrx_word' id='word_1_79' title='bbox 295 1217 420 1303; x_wconf 83' lang='lat'>636).1)</span> 
     </span>
    </p>

    <p class='ocr_par' dir='ltr' id='par_1_3' title="bbox 115 1327 1367 2320">
     <span class='ocr_line' id='line_1_10' title="bbox 220 1327 1364 1414; baseline -0.002 -19"><span class='ocrx_word' id='word_1_80' title='bbox 220 1329 409 1396; x_wconf 86' lang='lat' dir='ltr'><strong>Difficilius</strong></span> <span class='ocrx_word' id='word_1_81' title='bbox 422 1329 572 1395; x_wconf 78' lang='lat' dir='ltr'>discerni</span> <span class='ocrx_word' id='word_1_82' title='bbox 584 1334 709 1414; x_wconf 89' lang='lat' dir='ltr'><strong>potest,</strong></span> <span class='ocrx_word' id='word_1_83' title='bbox 723 1350 806 1393; x_wconf 91' lang='lat' dir='ltr'><strong>num</strong></span> <span class='ocrx_word' id='word_1_84' title='bbox 819 1327 986 1393; x_wconf 77' lang='lat' dir='ltr'><strong>Horatius</strong></span> <span class='ocrx_word' id='word_1_85' title='bbox 1000 1329 1213 1394; x_wconf 82' lang='lat' dir='ltr'><strong>Graecorum</strong></span> <span class='ocrx_word' id='word_1_86' title='bbox 1225 1328 1364 1394; x_wconf 90' lang='lat' dir='ltr'><strong>dicendi</strong></span> 
     </span>
     <span class='ocr_line' id='line_1_11' title="bbox 115 1441 1362 1528; baseline -0.002 -17"><span class='ocrx_word' id='word_1_87' title='bbox 115 1468 217 1512; x_wconf 92' lang='lat' dir='ltr'><strong>usum</strong></span> <span class='ocrx_word' id='word_1_88' title='bbox 231 1450 370 1510; x_wconf 87' lang='lat' dir='ltr'><strong>secutus</strong></span> <span class='ocrx_word' id='word_1_89' title='bbox 388 1443 434 1508; x_wconf 90' lang='lat' dir='ltr'><strong>sit</strong></span> <span class='ocrx_word' id='word_1_90' title='bbox 448 1442 624 1508; x_wconf 84' lang='lat' dir='ltr'>nonnullis</span> <span class='ocrx_word' id='word_1_91' title='bbox 640 1442 737 1526; x_wconf 91' lang='lat' dir='ltr'><strong>locis,</strong></span> <span class='ocrx_word' id='word_1_92' title='bbox 761 1441 888 1526; x_wconf 87' lang='lat' dir='ltr'><strong>quibus</strong></span> <span class='ocrx_word' id='word_1_93' title='bbox 909 1441 1082 1507; x_wconf 85' lang='lat' dir='ltr'><strong>adiectiva</strong></span> <span class='ocrx_word' id='word_1_94' title='bbox 1098 1443 1268 1528; x_wconf 80' lang='lat' dir='ltr'><strong>quaedam</strong></span> <span class='ocrx_word' id='word_1_95' title='bbox 1284 1466 1362 1509; x_wconf 90' lang='lat' dir='ltr'><strong>cum</strong></span> 
     </span>
     <span class='ocr_line' id='line_1_12' title="bbox 117 1538 1366 1644; baseline -0.002 -21"><span class='ocrx_word' id='word_1_96' title='bbox 117 1538 281 1644; x_wconf 85' lang='lat' dir='ltr'><strong>genetivo</strong></span> <span class='ocrx_word' id='word_1_97' title='bbox 305 1555 504 1640; x_wconf 81' lang='lat' dir='ltr'><strong>coniungit3</strong></span> <span class='ocrx_word' id='word_1_98' title='bbox 529 1555 639 1620; x_wconf 90' lang='lat' dir='ltr'><strong>multa</strong></span> <span class='ocrx_word' id='word_1_99' title='bbox 662 1554 754 1618; x_wconf 89' lang='lat' dir='ltr'><strong>enim</strong></span> <span class='ocrx_word' id='word_1_100' title='bbox 777 1553 958 1639; x_wconf 80' lang='lat' dir='ltr'><strong>adiectiva,</strong></span> <span class='ocrx_word' id='word_1_101' title='bbox 983 1576 1034 1620; x_wconf 77' lang='lat' dir='ltr'><strong>en.</strong></span> <span class='ocrx_word' id='word_1_102' title='bbox 1051 1577 1101 1640; x_wconf 83' lang='lat' dir='ltr'><strong>gr.</strong></span> <span class='ocrx_word' id='word_1_103' title='bbox 1118 1578 1205 1641; x_wconf 88' lang='lat' dir='ltr'><strong>quae</strong></span> <span class='ocrx_word' id='word_1_104' title='bbox 1230 1555 1366 1642; x_wconf 92' lang='lat' dir='ltr'><strong>copiam</strong></span> 
     </span>
     <span class='ocr_line' id='line_1_13' title="bbox 118 1667 1363 1757; baseline -0.003 -21"><span class='ocrx_word' id='word_1_105' title='bbox 118 1670 175 1736; x_wconf 84' lang='lat' dir='ltr'><strong>vel</strong></span> <span class='ocrx_word' id='word_1_106' title='bbox 197 1669 350 1757; x_wconf 89' lang='lat' dir='ltr'><strong>inopiam</strong></span> <span class='ocrx_word' id='word_1_107' title='bbox 376 1668 586 1754; x_wconf 84' lang='lat' dir='ltr'><strong>significant,</strong></span> <span class='ocrx_word' id='word_1_108' title='bbox 619 1669 723 1733; x_wconf 90' lang='lat' dir='ltr'><strong>etiam</strong></span> <span class='ocrx_word' id='word_1_109' title='bbox 747 1689 767 1732; x_wconf 89' lang='lat' dir='ltr'><strong>a</strong></span> <span class='ocrx_word' id='word_1_110' title='bbox 790 1667 1017 1755; x_wconf 74' lang='lat' dir='ltr'><strong>scriptoribus</strong></span> <span class='ocrx_word' id='word_1_111' title='bbox 1040 1669 1174 1734; x_wconf 89' lang='lat' dir='ltr'><strong>solutae</strong></span> <span class='ocrx_word' id='word_1_112' title='bbox 1198 1669 1363 1735; x_wconf 91' lang='lat' dir='ltr'><strong>orationis</strong></span> 
     </span>
     <span class='ocr_line' id='line_1_14' title="bbox 120 1780 1364 1870; baseline 0 -20"><span class='ocrx_word' id='word_1_113' title='bbox 120 1807 197 1850; x_wconf 89' lang='lat' dir='ltr'><strong>cum</strong></span> <span class='ocrx_word' id='word_1_114' title='bbox 219 1782 382 1870; x_wconf 81' lang='lat' dir='ltr'><strong>genetivo</strong></span> <span class='ocrx_word' id='word_1_115' title='bbox 408 1788 618 1868; x_wconf 84' lang='lat' dir='ltr'><strong>usurpantur</strong></span> <span class='ocrx_word' id='word_1_116' title='bbox 640 1781 698 1869; x_wconf 74' lang='lat' dir='ltr'><strong>(cf.</strong></span> <span class='ocrx_word' id='word_1_117' title='bbox 714 1780 883 1847; x_wconf 89' lang='lat' dir='ltr'><strong>Kuabnar</strong></span> <span class='ocrx_word' id='word_1_118' title='bbox 897 1783 936 1847; x_wconf 89' lang='lat' dir='ltr'><strong>L.</strong></span> <span class='ocrx_word' id='word_1_119' title='bbox 955 1783 1013 1848; x_wconf 77' lang='lat' dir='ltr'><strong>Gr.</strong></span> <span class='ocrx_word' id='word_1_120' title='bbox 1028 1783 1074 1848; x_wconf 92' lang='grc' dir='ltr'><strong>ΙΙ.</strong></span> <span class='ocrx_word' id='word_1_121' title='bbox 1091 1805 1125 1869; x_wconf 91' lang='lat' dir='ltr'><strong>p.</strong></span> <span class='ocrx_word' id='word_1_122' title='bbox 1140 1786 1203 1849; x_wconf 85' lang='grc'><strong>326</strong></span> <span class='ocrx_word' id='word_1_123' title='bbox 1223 1788 1242 1865; x_wconf 62' lang='grc' dir='ltr'>ξ</span> <span class='ocrx_word' id='word_1_124' title='bbox 1259 1785 1300 1849; x_wconf 86' lang='grc'><strong>85</strong></span> <span class='ocrx_word' id='word_1_125' title='bbox 1316 1784 1364 1867; x_wconf 87' lang='lat' dir='ltr'><strong>g),</strong></span> 
     </span>
     <span class='ocr_line' id='line_1_15' title="bbox 117 1894 1366 1982; baseline -0.002 -20"><span class='ocrx_word' id='word_1_126' title='bbox 117 1897 185 1962; x_wconf 75' lang='lat' dir='ltr'><strong>‘etsi</strong></span> <span class='ocrx_word' id='word_1_127' title='bbox 198 1896 319 1981; x_wconf 90' lang='lat' dir='ltr'><strong>negari</strong></span> <span class='ocrx_word' id='word_1_128' title='bbox 337 1894 460 1980; x_wconf 89' lang='lat' dir='ltr'><strong>nequit</strong></span> <span class='ocrx_word' id='word_1_129' title='bbox 481 1895 573 1981; x_wconf 90' lang='lat' dir='ltr'><strong>apud</strong></span> <span class='ocrx_word' id='word_1_130' title='bbox 595 1894 707 1960; x_wconf 89' lang='lat' dir='ltr'><strong>bonos</strong></span> <span class='ocrx_word' id='word_1_131' title='bbox 730 1895 918 1982; x_wconf 80' lang='lat' dir='ltr'><strong>scriptores</strong></span> <span class='ocrx_word' id='word_1_132' title='bbox 942 1917 983 1960; x_wconf 89' lang='lat' dir='ltr'><strong>ea</strong></span> <span class='ocrx_word' id='word_1_133' title='bbox 1006 1917 1084 1960; x_wconf 91' lang='lat' dir='ltr'><strong>cum</strong></span> <span class='ocrx_word' id='word_1_134' title='bbox 1108 1895 1260 1960; x_wconf 88' lang='lat' dir='ltr'><strong>ablativo</strong></span> <span class='ocrx_word' id='word_1_135' title='bbox 1285 1916 1366 1961; x_wconf 89' lang='lat' dir='ltr'><strong>con·</strong></span> 
     </span>
     <span class='ocr_line' id='line_1_16' title="bbox 118 2007 1367 2097; baseline -0.002 -22"><span class='ocrx_word' id='word_1_136' title='bbox 118 2008 216 2097; x_wconf 86' lang='lat' dir='ltr'><strong>iungi</strong></span> <span class='ocrx_word' id='word_1_137' title='bbox 241 2008 299 2095; x_wconf 87' lang='lat' dir='ltr'><strong>(cf.</strong></span> <span class='ocrx_word' id='word_1_138' title='bbox 322 2007 462 2074; x_wconf 88' lang='lat' dir='ltr'><strong>Kuehn.</strong></span> <span class='ocrx_word' id='word_1_139' title='bbox 485 2007 527 2072; x_wconf 89' lang='lat' dir='ltr'><strong>L.</strong></span> <span class='ocrx_word' id='word_1_140' title='bbox 552 2008 611 2074; x_wconf 81' lang='lat' dir='ltr'><strong>Gr.</strong></span> <span class='ocrx_word' id='word_1_141' title='bbox 635 2010 792 2094; x_wconf 71' lang='lat'>§81‚7);</span> <span class='ocrx_word' id='word_1_142' title='bbox 818 2029 923 2093; x_wconf 90' lang='lat' dir='ltr'><strong>quare</strong></span> <span class='ocrx_word' id='word_1_143' title='bbox 946 2008 976 2072; x_wconf 93' lang='lat' dir='ltr'><strong>si</strong></span> <span class='ocrx_word' id='word_1_144' title='bbox 998 2017 1123 2094; x_wconf 91' lang='lat' dir='ltr'><strong>poetae</strong></span> <span class='ocrx_word' id='word_1_145' title='bbox 1145 2007 1199 2072; x_wconf 90' lang='lat' dir='ltr'><strong>his</strong></span> <span class='ocrx_word' id='word_1_146' title='bbox 1221 2008 1367 2074; x_wconf 82' lang='lat' dir='ltr'><strong>vocibus</strong></span> 
     </span>
     <span class='ocr_line' id='line_1_17' title="bbox 120 2121 1365 2208; baseline -0.002 -20"><span class='ocrx_word' id='word_1_147' title='bbox 120 2131 155 2189; x_wconf 91' lang='lat' dir='ltr'><strong>et</strong></span> <span class='ocrx_word' id='word_1_148' title='bbox 177 2122 349 2188; x_wconf 87' lang='lat' dir='ltr'><strong>similibus</strong></span> <span class='ocrx_word' id='word_1_149' title='bbox 374 2129 545 2206; x_wconf 85' lang='lat' dir='ltr'><strong>cognatae</strong></span> <span class='ocrx_word' id='word_1_150' title='bbox 567 2121 721 2186; x_wconf 89' lang='lat' dir='ltr'><strong>notionis</strong></span> <span class='ocrx_word' id='word_1_151' title='bbox 743 2121 946 2206; x_wconf 88' lang='lat' dir='ltr'><strong>genetivum</strong></span> <span class='ocrx_word' id='word_1_152' title='bbox 970 2123 1169 2206; x_wconf 88' lang='lat' dir='ltr'><strong>adnectunt,</strong></span> <span class='ocrx_word' id='word_1_153' title='bbox 1202 2123 1244 2186; x_wconf 89' lang='lat' dir='ltr'><strong>de</strong></span> <span class='ocrx_word' id='word_1_154' title='bbox 1267 2145 1365 2208; x_wconf 84' lang='lat' dir='ltr'><strong>grae·</strong></span> 
     </span>
     <span class='ocr_line' id='line_1_18' title="bbox 122 2237 913 2320; baseline -0.006 -18"><span class='ocrx_word' id='word_1_155' title='bbox 122 2237 229 2303; x_wconf 89' lang='lat' dir='ltr'><strong>cismo</strong></span> <span class='ocrx_word' id='word_1_156' title='bbox 253 2257 365 2301; x_wconf 91' lang='lat' dir='ltr'><strong>sermo</strong></span> <span class='ocrx_word' id='word_1_157' title='bbox 390 2257 465 2299; x_wconf 90' lang='lat' dir='ltr'><strong>esse</strong></span> <span class='ocrx_word' id='word_1_158' title='bbox 487 2256 558 2300; x_wconf 89' lang='lat' dir='ltr'><strong>non</strong></span> <span class='ocrx_word' id='word_1_159' title='bbox 580 2241 706 2320; x_wconf 87' lang='lat' dir='ltr'><strong>potest.</strong></span> <span class='ocrx_word' id='word_1_160' title='bbox 911 2317 913 2320; x_wconf 8' lang='lat' dir='ltr'>y</span> 
     </span>
    </p>

    <p class='ocr_par' dir='ltr' id='par_1_4' title="bbox 120 2347 1371 3564">
     <span class='ocr_line' id='line_1_19' title="bbox 226 2347 1368 2432; baseline -0.001 -19"><span class='ocrx_word' id='word_1_161' title='bbox 226 2349 316 2414; x_wconf 87' lang='lat' dir='ltr'><strong>Sunt</strong></span> <span class='ocrx_word' id='word_1_162' title='bbox 331 2370 415 2413; x_wconf 89' lang='lat' dir='ltr'><strong>vero</strong></span> <span class='ocrx_word' id='word_1_163' title='bbox 440 2348 529 2412; x_wconf 90' lang='lat' dir='ltr'><strong>duae</strong></span> <span class='ocrx_word' id='word_1_164' title='bbox 554 2347 806 2412; x_wconf 88' lang='lat' dir='ltr'><strong>adiectivorum</strong></span> <span class='ocrx_word' id='word_1_165' title='bbox 830 2347 967 2430; x_wconf 80' lang='lat' dir='ltr'><strong>classes,</strong></span> <span class='ocrx_word' id='word_1_166' title='bbox 992 2369 1080 2432; x_wconf 91' lang='lat' dir='ltr'><strong>quae</strong></span> <span class='ocrx_word' id='word_1_167' title='bbox 1097 2347 1138 2412; x_wconf 89' lang='lat' dir='ltr'><strong>ad</strong></span> <span class='ocrx_word' id='word_1_168' title='bbox 1157 2349 1368 2413; x_wconf 86' lang='lat' dir='ltr'><strong>Graecorum</strong></span> 
     </span>
     <span class='ocr_line' id='line_1_20' title="bbox 120 2459 1368 2548; baseline -0.003 -20"><span class='ocrx_word' id='word_1_169' title='bbox 120 2461 287 2548; x_wconf 88' lang='lat' dir='ltr'><strong>loquendi</strong></span> <span class='ocrx_word' id='word_1_170' title='bbox 317 2483 418 2526; x_wconf 90' lang='lat' dir='ltr'><strong>usum</strong></span> <span class='ocrx_word' id='word_1_171' title='bbox 451 2482 529 2526; x_wconf 92' lang='lat' dir='ltr'><strong>cum</strong></span> <span class='ocrx_word' id='word_1_172' title='bbox 551 2459 715 2546; x_wconf 86' lang='lat' dir='ltr'><strong>genetivo</strong></span> <span class='ocrx_word' id='word_1_173' title='bbox 740 2459 1014 2546; x_wconf 89' lang='lat' dir='ltr'><strong>coniunguntur;</strong></span> <span class='ocrx_word' id='word_1_174' title='bbox 1047 2461 1143 2548; x_wconf 90' lang='lat' dir='ltr'><strong>prior</strong></span> <span class='ocrx_word' id='word_1_175' title='bbox 1164 2467 1217 2525; x_wconf 85' lang='lat' dir='ltr'><strong>ast</strong></span> <span class='ocrx_word' id='word_1_176' title='bbox 1239 2468 1368 2545; x_wconf 86' lang='lat' dir='ltr'><strong>eorum,</strong></span> 
     </span>
     <span class='ocr_line' id='line_1_21' title="bbox 123 2572 1368 2660; baseline -0.002 -20"><span class='ocrx_word' id='word_1_177' title='bbox 123 2575 249 2660; x_wconf 91' lang='lat' dir='ltr'><strong>quibus</strong></span> <span class='ocrx_word' id='word_1_178' title='bbox 278 2576 378 2641; x_wconf 92' lang='lat' dir='ltr'><strong>notio</strong></span> <span class='ocrx_word' id='word_1_179' title='bbox 404 2572 572 2659; x_wconf 88' lang='lat' dir='ltr'><strong>„liberum</strong></span> <span class='ocrx_word' id='word_1_180' title='bbox 603 2595 679 2638; x_wconf 89' lang='lat' dir='ltr'><strong>esse</strong></span> <span class='ocrx_word' id='word_1_181' title='bbox 703 2573 774 2658; x_wconf 89' lang='lat' dir='ltr'><strong>(ab)</strong></span> <span class='ocrx_word' id='word_1_182' title='bbox 799 2573 914 2658; x_wconf 91' lang='lat' dir='ltr'><strong>aliqua</strong></span> <span class='ocrx_word' id='word_1_183' title='bbox 940 2577 997 2639; x_wconf 84' lang='lat' dir='ltr'><strong>ra“</strong></span> <span class='ocrx_word' id='word_1_184' title='bbox 1021 2573 1130 2656; x_wconf 89' lang='lat' dir='ltr'><strong>inest;</strong></span> <span class='ocrx_word' id='word_1_185' title='bbox 1164 2574 1262 2639; x_wconf 87' lang='lat' dir='ltr'><strong>cuius</strong></span> <span class='ocrx_word' id='word_1_186' title='bbox 1285 2596 1368 2639; x_wconf 89' lang='lat' dir='ltr'><strong>usus</strong></span> 
     </span>
     <span class='ocr_line' id='line_1_22' title="bbox 124 2686 1367 2774; baseline -0.001 -21"><span class='ocrx_word' id='word_1_187' title='bbox 124 2687 217 2774; x_wconf 88' lang='lat' dir='ltr'><strong>apud</strong></span> <span class='ocrx_word' id='word_1_188' title='bbox 245 2686 390 2774; x_wconf 85' lang='lat' dir='ltr'><strong>Lyricos</strong></span> <span class='ocrx_word' id='word_1_189' title='bbox 422 2686 575 2751; x_wconf 82' lang='lat' dir='ltr'><strong>Graecos</strong></span> <span class='ocrx_word' id='word_1_190' title='bbox 606 2687 765 2773; x_wconf 87' lang='lat' dir='ltr'><strong>exempla</strong></span> <span class='ocrx_word' id='word_1_191' title='bbox 795 2694 933 2752; x_wconf 86' lang='lat' dir='ltr'><strong>exstant</strong></span> <span class='ocrx_word' id='word_1_192' title='bbox 962 2687 1065 2752; x_wconf 87' lang='lat' dir='ltr'><strong>haec:</strong></span> <span class='ocrx_word' id='word_1_193' title='bbox 1097 2688 1236 2753; x_wconf 90' lang='lat' dir='ltr'><strong>Pindar.</strong></span> <span class='ocrx_word' id='word_1_194' title='bbox 1263 2689 1367 2774; x_wconf 86' lang='lat' dir='ltr'><strong>Pyth.</strong></span> 
     </span>
     <span class='ocr_line' id='line_1_23' title="bbox 123 2798 1368 2886; baseline -0.004 -18"><span class='ocrx_word' id='word_1_195' title='bbox 123 2803 153 2884; x_wconf 90' lang='lat'><strong>8,</strong></span> <span class='ocrx_word' id='word_1_196' title='bbox 177 2804 235 2868; x_wconf 87' lang='lat'><strong>86:</strong></span> <span class='ocrx_word' id='word_1_197' title='bbox 266 2805 344 2865; x_wconf 81' lang='grc' dir='ltr'>κατὰ</span> <span class='ocrx_word' id='word_1_198' title='bbox 375 2801 493 2883; x_wconf 86' lang='grc' dir='ltr'>λαύρας</span> <span class='ocrx_word' id='word_1_199' title='bbox 524 2798 676 2885; x_wconf 78' lang='grc' dir='ltr'>δ’ἐχδρῶν</span> <span class='ocrx_word' id='word_1_200' title='bbox 708 2799 810 2886; x_wconf 84' lang='lat' dir='ltr'><strong>(ng.</strong></span> <span class='ocrx_word' id='word_1_201' title='bbox 835 2801 862 2864; x_wconf 94' lang='grc' dir='ltr'><strong>λ.</strong></span> <span class='ocrx_word' id='word_1_202' title='bbox 887 2802 1003 2886; x_wconf 76' lang='grc' dir='ltr'>χορῶν)</span> <span class='ocrx_word' id='word_1_203' title='bbox 1029 2798 1160 2886; x_wconf 81' lang='grc' dir='ltr'>ἀπάοροι</span> <span class='ocrx_word' id='word_1_204' title='bbox 1182 2805 1368 2876; x_wconf 84' lang='grc' dir='ltr'>ππώσσοντι;</span> 
     </span>
     <span class='ocr_line' id='line_1_24' title="bbox 122 2913 1368 2999; baseline -0.003 -20"><span class='ocrx_word' id='word_1_205' title='bbox 122 2913 220 2979; x_wconf 87' lang='lat' dir='ltr'><strong>Nem.</strong></span> <span class='ocrx_word' id='word_1_206' title='bbox 245 2916 274 2997; x_wconf 91' lang='lat'><strong>1,</strong></span> <span class='ocrx_word' id='word_1_207' title='bbox 298 2916 356 2978; x_wconf 90' lang='lat'><strong>52:</strong></span> <span class='ocrx_word' id='word_1_208' title='bbox 387 2913 499 2975; x_wconf 79' lang='grc' dir='ltr'>κολεοῦ</span> <span class='ocrx_word' id='word_1_209' title='bbox 525 2915 635 2997; x_wconf 72' lang='grc' dir='ltr'>γυμνὸν</span> <span class='ocrx_word' id='word_1_210' title='bbox 662 2916 810 2975; x_wconf 83' lang='grc' dir='ltr'>τινάσσων</span> <span class='ocrx_word' id='word_1_211' title='bbox 834 2918 1004 2999; x_wconf 79' lang='grc' dir='ltr'>ράσγανον;</span> <span class='ocrx_word' id='word_1_212' title='bbox 1036 2913 1088 2978; x_wconf 87' lang='lat' dir='ltr'><strong>Ol.</strong></span> <span class='ocrx_word' id='word_1_213' title='bbox 1112 2918 1142 2997; x_wconf 83' lang='lat'><strong>3,</strong></span> <span class='ocrx_word' id='word_1_214' title='bbox 1166 2917 1226 2980; x_wconf 81' lang='lat'><strong>24:</strong></span> <span class='ocrx_word' id='word_1_215' title='bbox 1256 2916 1368 2977; x_wconf 79' lang='grc' dir='ltr'>τούτων</span> 
     </span>
     <span class='ocr_line' id='line_1_25' title="bbox 124 3023 1368 3114; baseline -0.002 -22"><span class='ocrx_word' id='word_1_216' title='bbox 124 3027 184 3114; x_wconf 81' lang='grc' dir='ltr'>(ευ.</span> <span class='ocrx_word' id='word_1_217' title='bbox 207 3027 353 3111; x_wconf 71' lang='grc' dir='ltr'>δένδρων)</span> <span class='ocrx_word' id='word_1_218' title='bbox 386 3025 486 3098; x_wconf 74' lang='grc' dir='ltr'>ἔδοξεν</span> <span class='ocrx_word' id='word_1_219' title='bbox 515 3029 628 3111; x_wconf 73' lang='grc' dir='ltr'>γυμνὸς</span> <span class='ocrx_word' id='word_1_220' title='bbox 661 3023 742 3090; x_wconf 82' lang='grc' dir='ltr'>αύιω</span> <span class='ocrx_word' id='word_1_221' title='bbox 773 3037 872 3097; x_wconf 80' lang='grc' dir='ltr'>κᾶπος</span> <span class='ocrx_word' id='word_1_222' title='bbox 903 3026 1014 3099; x_wconf 75' lang='grc' dir='ltr'>ὀξείαις</span> <span class='ocrx_word' id='word_1_223' title='bbox 1046 3026 1235 3113; x_wconf 84' lang='grc' dir='ltr'>ύπακουὲμεν</span> <span class='ocrx_word' id='word_1_224' title='bbox 1261 3025 1368 3108; x_wconf 61' lang='lat' dir='ltr'><strong>adrat&lt;</strong></span> 
     </span>
     <span class='ocr_line' id='line_1_26' title="bbox 123 3137 1368 3225; baseline 0.002 -22"><span class='ocrx_word' id='word_1_225' title='bbox 123 3138 227 3204; x_wconf 82' lang='grc' dir='ltr'>ἀελίου</span> <span class='ocrx_word' id='word_1_226' title='bbox 233 3163 241 3216; x_wconf 91' lang='grc'><strong>;</strong></span> <span class='ocrx_word' id='word_1_227' title='bbox 266 3139 396 3224; x_wconf 79' lang='lat' dir='ltr'><strong>Theog.</strong></span> <span class='ocrx_word' id='word_1_228' title='bbox 416 3143 512 3206; x_wconf 91' lang='lat'>1177:</span> <span class='ocrx_word' id='word_1_229' title='bbox 530 3139 624 3223; x_wconf 79' lang='grc' dir='ltr'>ἔργων</span> <span class='ocrx_word' id='word_1_230' title='bbox 640 3137 776 3224; x_wconf 82' lang='grc' dir='ltr'>αίσχρων</span> <span class='ocrx_word' id='word_1_231' title='bbox 794 3137 919 3225; x_wconf 66' lang='grc' dir='ltr'>ἀπαθὴς</span> <span class='ocrx_word' id='word_1_232' title='bbox 934 3143 986 3203; x_wconf 85' lang='grc' dir='ltr'>καί</span> <span class='ocrx_word' id='word_1_233' title='bbox 1000 3138 1124 3224; x_wconf 78' lang='grc' dir='ltr'>ἀεργύς;</span> <span class='ocrx_word' id='word_1_234' title='bbox 1140 3140 1239 3225; x_wconf 84' lang='lat' dir='ltr'><strong>frgm.</strong></span> <span class='ocrx_word' id='word_1_235' title='bbox 1256 3139 1368 3205; x_wconf 90' lang='lat' dir='ltr'><strong>melic.</strong></span> 
     </span>
     <span class='ocr_line' id='line_1_27' title="bbox 123 3235 1369 3338; baseline 0.002 -21"><span class='ocrx_word' id='word_1_236' title='bbox 123 3253 240 3338; x_wconf 87' lang='lat' dir='ltr'><strong>adesp.</strong></span> <span class='ocrx_word' id='word_1_237' title='bbox 270 3255 322 3336; x_wconf 83' lang='lat'><strong>46,</strong></span> <span class='ocrx_word' id='word_1_238' title='bbox 353 3257 372 3318; x_wconf 91' lang='lat'>2</span> <span class='ocrx_word' id='word_1_239' title='bbox 404 3254 450 3338; x_wconf 82' lang='lat' dir='ltr'><strong>(p.</strong></span> <span class='ocrx_word' id='word_1_240' title='bbox 475 3252 574 3337; x_wconf 81' lang='lat'>304):</span> <span class='ocrx_word' id='word_1_241' title='bbox 615 3256 792 3337; x_wconf 90' lang='grc' dir='ltr'>συμποσίων</span> <span class='ocrx_word' id='word_1_242' title='bbox 823 3275 854 3314; x_wconf 87' lang='grc' dir='ltr'>τε</span> <span class='ocrx_word' id='word_1_243' title='bbox 883 3255 935 3315; x_wconf 84' lang='grc' dir='ltr'>καί</span> <span class='ocrx_word' id='word_1_244' title='bbox 953 3235 1056 3336; x_wconf 60' lang='grc' dir='ltr'>’λυρᾶν</span> <span class='ocrx_word' id='word_1_245' title='bbox 1089 3251 1239 3338; x_wconf 85' lang='grc' dir='ltr'>άμοιρος;</span> <span class='ocrx_word' id='word_1_246' title='bbox 1278 3252 1369 3319; x_wconf 84' lang='lat' dir='ltr'><strong>conf.</strong></span> 
     </span>
     <span class='ocr_line' id='line_1_28' title="bbox 123 3365 1371 3452; baseline -0.002 -22"><span class='ocrx_word' id='word_1_247' title='bbox 123 3365 267 3432; x_wconf 77' lang='lat' dir='ltr'><strong>Theocr.</strong></span> <span class='ocrx_word' id='word_1_248' title='bbox 291 3369 343 3451; x_wconf 88' lang='lat'><strong>30,</strong></span> <span class='ocrx_word' id='word_1_249' title='bbox 368 3369 426 3432; x_wconf 87' lang='lat'><strong>18:</strong></span> <span class='ocrx_word' id='word_1_250' title='bbox 458 3365 613 3452; x_wconf 77' lang='grc' dir='ltr'>(ἔμμεναι)</span> <span class='ocrx_word' id='word_1_251' title='bbox 637 3366 734 3438; x_wconf 78' lang='grc' dir='ltr'>Είννον</span> <span class='ocrx_word' id='word_1_252' title='bbox 757 3378 814 3429; x_wconf 86' lang='grc' dir='ltr'><strong>τῶν</strong></span> <span class='ocrx_word' id='word_1_253' title='bbox 835 3367 979 3451; x_wconf 79' lang='grc' dir='ltr'>χαλίπων</span> <span class='ocrx_word' id='word_1_254' title='bbox 1005 3369 1116 3438; x_wconf 82' lang='grc' dir='ltr'>παῖδος</span> <span class='ocrx_word' id='word_1_255' title='bbox 1142 3365 1218 3450; x_wconf 78' lang='grc' dir='ltr'>ἐρώτ</span> <span class='ocrx_word' id='word_1_256' title='bbox 1243 3368 1296 3451; x_wconf 84' lang='grc' dir='ltr'><strong>[ων</strong></span> <span class='ocrx_word' id='word_1_257' title='bbox 1319 3369 1371 3429; x_wconf 88' lang='grc' dir='ltr'>καί</span> 
     </span>
     <span class='ocr_line' id='line_1_29' title="bbox 123 3478 575 3564; baseline 0.004 -22"><span class='ocrx_word' id='word_1_258' title='bbox 123 3478 296 3564; x_wconf 78' lang='grc' dir='ltr'>ἐλεύθερον]</span> <span class='ocrx_word' id='word_1_259' title='bbox 321 3501 340 3542; x_wconf 92' lang='lat' dir='ltr'><strong>e</strong></span> <span class='ocrx_word' id='word_1_260' title='bbox 364 3478 575 3545; x_wconf 87' lang='lat' dir='ltr'><strong>coniectura.</strong></span> 
     </span>
    </p>

    <p class='ocr_par' dir='ltr' id='par_1_5' title="bbox 121 3573 1413 4246">
     <span class='ocr_line' id='line_1_30' title="bbox 226 3573 1413 3678; baseline -0.001 -21"><span class='ocrx_word' id='word_1_261' title='bbox 226 3592 332 3678; x_wconf 86' lang='lat' dir='ltr'><strong>Apud</strong></span> <span class='ocrx_word' id='word_1_262' title='bbox 354 3591 501 3657; x_wconf 88' lang='lat' dir='ltr'><strong>Latinos</strong></span> <span class='ocrx_word' id='word_1_263' title='bbox 523 3591 640 3675; x_wconf 90' lang='lat' dir='ltr'><strong>verba,</strong></span> <span class='ocrx_word' id='word_1_264' title='bbox 665 3614 753 3677; x_wconf 89' lang='lat' dir='ltr'><strong>quae</strong></span> <span class='ocrx_word' id='word_1_265' title='bbox 768 3592 957 3675; x_wconf 63' lang='lat' dir='ltr'><strong>attulimus</strong></span> <span class='ocrx_word' id='word_1_266' title='bbox 981 3592 1116 3659; x_wconf 88' lang='lat' dir='ltr'><strong>abonis</strong></span> <span class='ocrx_word' id='word_1_267' title='bbox 1140 3573 1367 3678; x_wconf 82' lang='lat' dir='ltr'><strong>scriptoribus</strong></span> <span class='ocrx_word' id='word_1_268' title='bbox 1409 3590 1413 3594; x_wconf 70' lang='grc'><strong><em>’</em></strong></span> 
     </span>
     <span class='ocr_line' id='line_1_31' title="bbox 123 3703 1367 3792; baseline -0.001 -22"><span class='ocrx_word' id='word_1_269' title='bbox 123 3727 202 3770; x_wconf 89' lang='lat' dir='ltr'><strong>cum</strong></span> <span class='ocrx_word' id='word_1_270' title='bbox 218 3703 372 3771; x_wconf 89' lang='lat' dir='ltr'><strong>ablativo</strong></span> <span class='ocrx_word' id='word_1_271' title='bbox 388 3705 446 3769; x_wconf 88' lang='lat' dir='ltr'><strong>vel</strong></span> <span class='ocrx_word' id='word_1_272' title='bbox 463 3726 542 3769; x_wconf 86' lang='lat' dir='ltr'><strong>oum</strong></span> <span class='ocrx_word' id='word_1_273' title='bbox 556 3704 874 3791; x_wconf 89' lang='lat' dir='ltr'><strong>praepositionibus</strong></span> <span class='ocrx_word' id='word_1_274' title='bbox 898 3705 1123 3788; x_wconf 89' lang='lat' dir='ltr'><strong>adhibentur;</strong></span> <span class='ocrx_word' id='word_1_275' title='bbox 1147 3712 1270 3792; x_wconf 91' lang='lat' dir='ltr'><strong>poetae</strong></span> <span class='ocrx_word' id='word_1_276' title='bbox 1284 3726 1367 3770; x_wconf 89' lang='lat' dir='ltr'><strong>vero</strong></span> 
     </span>
     <span class='ocr_line' id='line_1_32' title="bbox 121 3817 1371 3904; baseline 0 -21"><span class='ocrx_word' id='word_1_277' title='bbox 121 3817 288 3904; x_wconf 88' lang='lat' dir='ltr'><strong>temporis</strong></span> <span class='ocrx_word' id='word_1_278' title='bbox 311 3817 484 3902; x_wconf 87' lang='lat' dir='ltr'><strong>Augustei</strong></span> <span class='ocrx_word' id='word_1_279' title='bbox 516 3818 621 3883; x_wconf 89' lang='lat' dir='ltr'><strong>etiam</strong></span> <span class='ocrx_word' id='word_1_280' title='bbox 650 3819 852 3903; x_wconf 86' lang='lat' dir='ltr'><strong>genetivum</strong></span> <span class='ocrx_word' id='word_1_281' title='bbox 883 3820 1026 3903; x_wconf 89' lang='lat' dir='ltr'><strong>addunt,</strong></span> <span class='ocrx_word' id='word_1_282' title='bbox 1054 3841 1156 3904; x_wconf 90' lang='lat' dir='ltr'><strong>quem</strong></span> <span class='ocrx_word' id='word_1_283' title='bbox 1178 3841 1280 3884; x_wconf 90' lang='lat' dir='ltr'><strong>usum</strong></span> <span class='ocrx_word' id='word_1_284' title='bbox 1302 3819 1371 3883; x_wconf 90' lang='lat' dir='ltr'><strong>iam</strong></span> 
     </span>
     <span class='ocr_line' id='line_1_33' title="bbox 123 3929 1368 4018; baseline 0.005 -24"><span class='ocrx_word' id='word_1_285' title='bbox 123 3929 308 3995; x_wconf 82' lang='lat' dir='ltr'><strong>Sallustius</strong></span> <span class='ocrx_word' id='word_1_286' title='bbox 343 3929 379 3993; x_wconf 93' lang='lat' dir='ltr'><strong>in</strong></span> <span class='ocrx_word' id='word_1_287' title='bbox 414 3930 568 4018; x_wconf 88' lang='lat' dir='ltr'><strong>linguam</strong></span> <span class='ocrx_word' id='word_1_288' title='bbox 598 3930 760 3997; x_wconf 84' lang='lat' dir='ltr'><strong>Latinam</strong></span> <span class='ocrx_word' id='word_1_289' title='bbox 794 3932 932 3997; x_wconf 86' lang='lat' dir='ltr'><strong>induxit</strong></span> <span class='ocrx_word' id='word_1_290' title='bbox 963 3932 1021 4016; x_wconf 85' lang='lat' dir='ltr'><strong>(cf.</strong></span> <span class='ocrx_word' id='word_1_291' title='bbox 1052 3932 1207 4016; x_wconf 89' lang='lat' dir='ltr'><strong>Draeger</strong></span> <span class='ocrx_word' id='word_1_292' title='bbox 1236 3931 1368 4000; x_wconf 84' lang='lat' dir='ltr'><strong>Histor.</strong></span> 
     </span>
     <span class='ocr_line' id='line_1_34' title="bbox 123 4043 1370 4131; baseline 0.002 -23"><span class='ocrx_word' id='word_1_293' title='bbox 123 4043 257 4128; x_wconf 83' lang='lat' dir='ltr'><strong>Syntax</strong></span> <span class='ocrx_word' id='word_1_294' title='bbox 279 4044 325 4108; x_wconf 91' lang='lat' dir='ltr'><strong>H.</strong></span> <span class='ocrx_word' id='word_1_295' title='bbox 349 4067 383 4130; x_wconf 91' lang='lat' dir='ltr'><strong>p.</strong></span> <span class='ocrx_word' id='word_1_296' title='bbox 407 4048 470 4112; x_wconf 80' lang='lat'><strong>477</strong></span> <span class='ocrx_word' id='word_1_297' title='bbox 494 4051 513 4128; x_wconf 62' lang='grc' dir='ltr'>ξ</span> <span class='ocrx_word' id='word_1_298' title='bbox 538 4046 633 4130; x_wconf 74' lang='grc'>206),</span> <span class='ocrx_word' id='word_1_299' title='bbox 658 4045 695 4110; x_wconf 94' lang='lat' dir='ltr'><strong>in</strong></span> <span class='ocrx_word' id='word_1_300' title='bbox 717 4045 855 4112; x_wconf 90' lang='lat' dir='ltr'><strong>Horatii</strong></span> <span class='ocrx_word' id='word_1_301' title='bbox 889 4045 1099 4112; x_wconf 80' lang='lat' dir='ltr'><strong>carminibus</strong></span> <span class='ocrx_word' id='word_1_302' title='bbox 1130 4067 1243 4131; x_wconf 88' lang='lat' dir='ltr'><strong>pauca</strong></span> <span class='ocrx_word' id='word_1_303' title='bbox 1267 4045 1370 4111; x_wconf 89' lang='lat' dir='ltr'><strong>huius</strong></span> 
     </span>
     <span class='ocr_line' id='line_1_35' title="bbox 121 4157 1367 4246; baseline 0.003 -26"><span class='ocrx_word' id='word_1_304' title='bbox 121 4178 204 4221; x_wconf 92' lang='lat' dir='ltr'><strong>usus</strong></span> <span class='ocrx_word' id='word_1_305' title='bbox 229 4158 388 4244; x_wconf 86' lang='lat' dir='ltr'><strong>exempla</strong></span> <span class='ocrx_word' id='word_1_306' title='bbox 409 4157 654 4225; x_wconf 80' lang='lat' dir='ltr'><strong>inveniuntur:</strong></span> <span class='ocrx_word' id='word_1_307' title='bbox 679 4158 717 4226; x_wconf 88' lang='lat' dir='ltr'><strong>O.</strong></span> <span class='ocrx_word' id='word_1_308' title='bbox 745 4164 772 4244; x_wconf 93' lang='grc'><strong>1,</strong></span> <span class='ocrx_word' id='word_1_309' title='bbox 797 4163 849 4242; x_wconf 93' lang='grc'><strong>22,</strong></span> <span class='ocrx_word' id='word_1_310' title='bbox 875 4164 909 4226; x_wconf 92' lang='lat' dir='ltr'><strong>l:</strong></span> <span class='ocrx_word' id='word_1_311' title='bbox 938 4158 1148 4244; x_wconf 88' lang='lat' dir='ltr'><strong>scelerisque</strong></span> <span class='ocrx_word' id='word_1_312' title='bbox 1178 4181 1285 4245; x_wconf 92' lang='lat' dir='ltr'><strong>purus</strong></span> <span class='ocrx_word' id='word_1_313' title='bbox 1309 4158 1367 4246; x_wconf 81' lang='lat' dir='ltr'><strong>(cf.</strong></span> 
     </span>
    </p>
   </div>
   <div class='ocr_carea' id='block_1_3' title="bbox 120 4363 1372 4789">
    <p class='ocr_par' dir='ltr' id='par_1_6' title="bbox 120 4363 1372 4703">
     <span class='ocr_line' id='line_1_36' title="bbox 229 4363 1371 4439; baseline -0.002 -15"><span class='ocrx_word' id='word_1_314' title='bbox 229 4368 250 4431; x_wconf 76' lang='grc' dir='ltr'><strong>ιλ</strong></span> <span class='ocrx_word' id='word_1_315' title='bbox 269 4367 405 4424; x_wconf 73' lang='lat' dir='ltr'><strong>conferri</strong></span> <span class='ocrx_word' id='word_1_316' title='bbox 423 4373 525 4439; x_wconf 85' lang='lat' dir='ltr'><strong>potest</strong></span> <span class='ocrx_word' id='word_1_317' title='bbox 543 4367 628 4439; x_wconf 85' lang='grc' dir='ltr'>με’δειν</span> <span class='ocrx_word' id='word_1_318' title='bbox 646 4369 677 4420; x_wconf 93' lang='lat' dir='ltr'><strong>in</strong></span> <span class='ocrx_word' id='word_1_319' title='bbox 694 4367 796 4422; x_wconf 88' lang='lat' dir='ltr'><strong>Alcaei</strong></span> <span class='ocrx_word' id='word_1_320' title='bbox 813 4366 869 4438; x_wconf 82' lang='lat' dir='ltr'><strong>frg.</strong></span> <span class='ocrx_word' id='word_1_321' title='bbox 882 4367 907 4436; x_wconf 92' lang='lat'><strong>2,</strong></span> <span class='ocrx_word' id='word_1_322' title='bbox 922 4367 948 4420; x_wconf 94' lang='lat' dir='ltr'><strong>l:</strong></span> <span class='ocrx_word' id='word_1_323' title='bbox 972 4366 1114 4432; x_wconf 84' lang='grc' dir='ltr'>Κυλλάνας</span> <span class='ocrx_word' id='word_1_324' title='bbox 1134 4363 1148 4420; x_wconf 80' lang='grc' dir='ltr'>ὃ</span> <span class='ocrx_word' id='word_1_325' title='bbox 1167 4367 1267 4438; x_wconf 71' lang='grc' dir='ltr'>μέδειςς</span> <span class='ocrx_word' id='word_1_326' title='bbox 1286 4367 1371 4436; x_wconf 80' lang='lat'>75,1:</span> 
     </span>
     <span class='ocr_line' id='line_1_37' title="bbox 122 4451 1372 4528; baseline 0.002 -22"><span class='ocrx_word' id='word_1_327' title='bbox 122 4451 202 4525; x_wconf 70' lang='grc' dir='ltr'>δγᾶς</span> <span class='ocrx_word' id='word_1_328' title='bbox 221 4453 355 4520; x_wconf 80' lang='grc' dir='ltr'>Σκυδικᾶς</span> <span class='ocrx_word' id='word_1_329' title='bbox 374 4454 478 4526; x_wconf 72' lang='grc' dir='ltr'>με’δειςς</span> <span class='ocrx_word' id='word_1_330' title='bbox 503 4454 692 4526; x_wconf 78' lang='lat' dir='ltr'><strong>Melanippid</strong></span> <span class='ocrx_word' id='word_1_331' title='bbox 711 4455 736 4525; x_wconf 89' lang='grc'><strong>6,</strong></span> <span class='ocrx_word' id='word_1_332' title='bbox 755 4456 785 4509; x_wconf 92' lang='lat'><strong>2:</strong></span> <span class='ocrx_word' id='word_1_333' title='bbox 811 4463 858 4519; x_wconf 89' lang='grc' dir='ltr'><strong>τᾶς</strong></span> <span class='ocrx_word' id='word_1_334' title='bbox 878 4453 987 4514; x_wconf 77' lang='grc' dir='ltr'>ἀειζώου</span> <span class='ocrx_word' id='word_1_335' title='bbox 1007 4455 1093 4526; x_wconf 82' lang='grc' dir='ltr'>ψυχᾶς</span> <span class='ocrx_word' id='word_1_336' title='bbox 1113 4456 1224 4528; x_wconf 78' lang='grc' dir='ltr'>μεδέων;</span> <span class='ocrx_word' id='word_1_337' title='bbox 1251 4454 1372 4515; x_wconf 83' lang='lat' dir='ltr'><strong>Scolior.</strong></span> 
     </span>
     <span class='ocr_line' id='line_1_38' title="bbox 120 4538 1372 4617; baseline 0.004 -23"><span class='ocrx_word' id='word_1_338' title='bbox 120 4542 147 4608; x_wconf 88' lang='grc'><strong>4,</strong></span> <span class='ocrx_word' id='word_1_339' title='bbox 167 4543 195 4595; x_wconf 93' lang='lat' dir='ltr'><strong>l:</strong></span> <span class='ocrx_word' id='word_1_340' title='bbox 222 4538 359 4613; x_wconf 76' lang='grc' dir='ltr'>Ἀρκαδίας</span> <span class='ocrx_word' id='word_1_341' title='bbox 379 4541 477 4614; x_wconf 78' lang='grc' dir='ltr'>μεδέων</span> <span class='ocrx_word' id='word_1_342' title='bbox 495 4543 633 4610; x_wconf 74' lang='grc' dir='ltr'>κλεεννᾶς,</span> <span class='ocrx_word' id='word_1_343' title='bbox 652 4549 814 4614; x_wconf 83' lang='grc' dir='ltr'>περικρατεῖν</span> <span class='ocrx_word' id='word_1_344' title='bbox 832 4545 863 4597; x_wconf 93' lang='lat' dir='ltr'><strong>in</strong></span> <span class='ocrx_word' id='word_1_345' title='bbox 883 4559 969 4597; x_wconf 89' lang='lat' dir='ltr'><strong>carm.</strong></span> <span class='ocrx_word' id='word_1_346' title='bbox 989 4561 1056 4615; x_wconf 91' lang='lat' dir='ltr'><strong>pop.</strong></span> <span class='ocrx_word' id='word_1_347' title='bbox 1075 4546 1117 4614; x_wconf 80' lang='lat'><strong>50,</strong></span> <span class='ocrx_word' id='word_1_348' title='bbox 1137 4546 1185 4600; x_wconf 81' lang='lat'><strong>23:</strong></span> <span class='ocrx_word' id='word_1_349' title='bbox 1203 4546 1251 4616; x_wconf 77' lang='grc' dir='ltr'><strong>τὴν</strong></span> <span class='ocrx_word' id='word_1_350' title='bbox 1271 4545 1293 4599; x_wconf 87' lang='grc' dir='ltr'><strong>δ’</strong></span> <span class='ocrx_word' id='word_1_351' title='bbox 1313 4545 1372 4617; x_wconf 79' lang='grc' dir='ltr'>ούχί</span> 
     </span>
     <span class='ocr_line' id='line_1_39' title="bbox 123 4628 969 4703; baseline 0.004 -21"><span class='ocrx_word' id='word_1_352' title='bbox 123 4628 229 4700; x_wconf 81' lang='grc' dir='ltr'>Θηβῶν,</span> <span class='ocrx_word' id='word_1_353' title='bbox 249 4628 308 4682; x_wconf 83' lang='grc' dir='ltr'>ἀλλ’</span> <span class='ocrx_word' id='word_1_354' title='bbox 327 4629 393 4701; x_wconf 83' lang='grc' dir='ltr'>ύλης</span> <span class='ocrx_word' id='word_1_355' title='bbox 412 4637 460 4700; x_wconf 79' lang='grc' dir='ltr'><strong>τῆς</strong></span> <span class='ocrx_word' id='word_1_356' title='bbox 486 4629 617 4697; x_wconf 83' lang='grc' dir='ltr'>Ἑλλάδος</span> <span class='ocrx_word' id='word_1_357' title='bbox 637 4630 738 4703; x_wconf 72' lang='grc' dir='ltr'>Σφίγγα</span> <span class='ocrx_word' id='word_1_358' title='bbox 757 4639 969 4702; x_wconf 84' lang='grc' dir='ltr'>περικρατοῦσαν.</span> 
     </span>
    </p>

    <p class='ocr_par' dir='ltr' id='par_1_7' title="bbox 771 4738 1224 4789">
     <span class='ocr_line' id='line_1_40' title="bbox 771 4738 1224 4789; baseline 0.002 -1"><span class='ocrx_word' id='word_1_359' title='bbox 771 4759 773 4762; x_wconf 95' lang='grc'><strong><em>·</em></strong></span> <span class='ocrx_word' id='word_1_360' title='bbox 1199 4738 1224 4789; x_wconf 66' lang='lat' dir='ltr'><strong>‘A</strong></span> 
     </span>
    </p>
   </div>
   <div class='ocr_carea' id='block_1_4' title="bbox 0 0 1557 5092">
    <p class='ocr_par' dir='ltr' id='par_1_8' title="bbox 0 0 1557 5092">
     <span class='ocr_line' id='line_1_41' title="bbox 0 0 1557 5092; baseline 0 0"><span class='ocrx_word' id='word_1_361' title='bbox 0 0 1557 5092; x_wconf 95' lang='lat' dir='ltr'><strong> </strong></span> 
     </span>
    </p>
   </div>
  </div>
 </body>
</html>
