3098 5092
701 224 856 319 —13—

159 413 275 478 Pallas
299 418 334 477 et
355 411 486 493 Musae,
517 410 639 496 procul
670 410 728 494 ite,
758 410 897 493 lenate,
929 410 1016 476 Plin.
1042 413 1070 493 7‘,
1103 414 1143 477 31
1169 419 1271 476 extr:
1305 406 1400 477 salve

156 526 288 611 primus
312 524 466 590 omnium
489 546 614 610 parens
637 523 768 610 patriae
793 523 975 610 appellate,
1006 523 1137 609 primus
1162 571 1202 588 .·.
1228 573 1235 589 .
1261 525 1400 608 merite3

158 639 219 703 sed
241 637 295 702 his
319 637 405 703 locis
437 637 591 723 exceptis
614 636 680 702 soli
708 643 832 723 poetae
863 637 953 701 hanc
977 635 1116 701 dicendi
1138 637 1312 702 rationem
1334 637 1402 702 sibi

158 751 376 816 indulserunt
408 749 512 837 (conf.
543 750 710 815 Kuehner
738 749 836 815 Ausf.
860 750 900 815 L.
926 750 983 814 Gr.
1007 749 1034 816 I.
1058 772 1091 835 p.
1117 753 1179 816 280
1203 772 1230 814 s.
1256 754 1273 816 7
1306 757 1340 815 et
1371 754 1402 836 8,

158 867 176 948 ξ
202 867 289 947 103).

258 977 282 1044 J
285 999 339 1041 am
370 998 463 1059 vero,
495 983 533 1041 ut
565 976 607 1040 de
636 975 783 1041 Horatio
814 975 921 1040 verba
953 975 1131 1058 faciamus,
1164 975 1401 1041 nominativus

159 1091 297 1174 quidem
319 1088 470 1154 nominis
486 1088 619 1174 proprii
642 1088 719 1154 loco
735 1088 890 1153 vocativi
912 1088 1089 1154 invenitur
1110 1089 1146 1153 in
1161 1089 1204 1157 A.
1220 1111 1253 1175 p.
1270 1111 1301 1153 v.
1319 1090 1400 1154 292:

159 1224 232 1285 vos,
264 1200 500 1288 oPompilius
524 1201 676 1286 sanguis,
707 1223 845 1266 carmen
867 1200 1126 1287 reprehendite;
1157 1202 1278 1266 sedin
1308 1201 1341 1267 h.
1367 1224 1400 1267 v.

159 1314 359 1380 vocativum
385 1336 424 1398 „o
447 1313 640 1400 Pompilius
664 1313 823 1400 sanguis“
849 1321 1024 1398 tamquam
1049 1313 1303 1400 appositionem
1326 1336 1401 1379 esse

161 1428 203 1492 ad
226 1449 418 1514 pronomen
444 1429 545 1510 ,vos“
571 1427 793 1491 statuendum
816 1433 870 1491 est
891 1427 957 1492 hoo
980 1448 1085 1491 sensu
1110 1448 1201 1512 „voa
1226 1426 1285 1515 qui
1300 1427 1401 1493 Pom·

158 1540 264 1628 pilius
296 1540 436 1626 sanguis
470 1540 584 1605 estis“.
615 1541 713 1605 Idem
744 1539 920 1605 observari
951 1547 1067 1626 potest
1097 1540 1134 1605 in
1165 1541 1199 1605 S.
1233 1546 1263 1624 2,
1289 1545 1317 1618 7,
1341 1543 1400 1607 69:

159 1675 314 1738 quaeres,
338 1654 475 1738 quando
492 1653 617 1718 iterum
632 1675 760 1739 paveas
775 1653 969 1738 iterumque
985 1653 1097 1740 perire
1113 1653 1236 1739 possis,
1261 1675 1281 1718 o
1296 1652 1400 1718 toties

159 1789 291 1850 servus,
322 1767 355 1833 h.
388 1789 416 1831 e.
447 1772 496 1850 tu,
528 1765 586 1850 qui
619 1766 722 1830 toties
755 1788 874 1830 servus
904 1766 1019 1848 fuisti;
1055 1766 1201 1831 similem
1231 1766 1402 1831 rationem

163 1878 276 1943 inesse
299 1879 386 1944 locis
410 1877 450 1942 O.
478 1883 503 1962 l,
528 1881 558 1959 2,
582 1881 640 1943 43:
673 1877 766 1961 ,sive
789 1883 922 1941 mutata
944 1879 1105 1943 iuvenem
1129 1876 1240 1963 figura
1270 1876 1340 1941 ales
1364 1879 1402 1940 in

159 1993 261 2057 terris
292 1991 438 2059 imitaris
469 1991 579 2056 almae
610 1990 702 2054 filius
726 1990 857 2054 Maiae“
894 1997 927 2054 et
959 1993 1000 2054 A.
1023 2012 1057 2075 p.
1081 2013 1113 2055 v.
1138 1990 1254 2074 327:¹)
1286 1989 1402 2074 „dicas

160 2105 253 2170 filius
278 2104 415 2170 Albini“
442 2104 592 2170 editores
616 2111 651 2169 et
674 2104 880 2190 interpretes
903 2103 1063 2169 nonnulli
1087 2105 1317 2186 contendunt3
1343 2103 1402 2168 alii

160 2218 250 2283 hanc
274 2217 411 2282 dicendi
444 2216 620 2282 licentiam
645 2217 686 2281 ad
719 2217 914 2303 exemplum
939 2217 1151 2282 Graecorum
1173 2216 1403 2281 revocandam

162 2352 236 2395 esse
270 2335 412 2415 putant;
448 2329 509 2393 sed
541 2352 583 2393 ex
614 2351 771 2395 sermone
800 2328 928 2394 Latino
963 2328 1047 2392 satis
1079 2328 1244 2414 explicari
1275 2334 1401 2414 potest.

161 2443 260 2521 Quod
279 2443 371 2509 valet
395 2442 500 2508 etiam
524 2443 566 2507 de
589 2442 675 2509 locis
700 2441 739 2507 O.
763 2445 793 2526 2,
819 2445 869 2525 18,
894 2448 951 2508 24:
976 2441 1115 2507 revellis
1138 2441 1212 2526 agri
1235 2442 1401 2506 terminos

162 2562 197 2621 et
220 2556 310 2621 ultra
332 2555 459 2620 limites
483 2555 661 2620 clientium
685 2555 765 2620 salis
791 2558 938 2621 avarus?
969 2564 1005 2619 et
1035 2555 1069 2620 S.
1086 2559 1163 2637 24,
1180 2560 1215 2621 5:
1250 2555 1310 2618 sed
1342 2555 1402 2618 des

162 2669 300 2734 veniam
314 2669 437 2751 bonus,
455 2689 525 2745 oro,
542 2667 602 2732 ubi
621 2668 770 2752 ,bonus“
790 2669 909 2734 eodem
926 2668 1029 2734 modo
1046 2666 1237 2749 adhibetur,
1255 2675 1293 2732 ut
1310 2667 1401 2753 apud

162 2783 313 2848 Graecos
354 2783 504 2868 „eloqu
552 2788 644 2845 certe
681 2802 763 2846 vero
803 2781 1014 2846 Graecorum
1052 2779 1191 2845 dicendi
1232 2779 1401 2844 rationem

160 2901 295 2982 spectat
326 2895 358 2960 S.
382 2899 412 2978 2,
436 2900 466 2978 2,
492 2898 570 2961 107:
607 2916 626 2960 0
659 2916 804 2978 magnus
834 2893 980 2980 posthac
1010 2894 1160 2959 inimicis
1190 2893 1306 2976 risusl,
1342 2892 1403 2957 ubi

160 3006 396 3073 nominativus
422 3006 683 3073 exclamationis
705 3007 777 3071 vim
799 3007 914 3074 habet.

266 3119 394 3186 Contra
418 3141 458 3183 ea
481 3119 606 3184 Graeci
628 3119 805 3185 nonnullis
828 3119 915 3184 locis
939 3119 1145 3184 attractione
1170 3120 1317 3204 quadam
1350 3119 1403 3184 usi

161 3233 361 3298 vocativum
384 3233 462 3298 loco
485 3232 692 3298 nominativi
724 3231 907 3314 adhibent,
939 3233 998 3296 sed
1029 3230 1095 3297 hoc
1127 3232 1265 3297 dicendi
1294 3254 1403 3316 genus

162 3345 265 3410 etiam
299 3345 390 3431 apud
425 3352 547 3430 poetas
580 3344 792 3409 rarissimum
827 3352 889 3426 est,
913 3344 1017 3430 ,apud
1051 3345 1236 3431 scriptores
1271 3346 1404 3410 solutae

163 3456 330 3522 orationis
353 3478 424 3522 non
448 3457 623 3521 invenitur
647 3455 704 3543 (cf.
727 3456 894 3520 Kuehner
916 3456 1015 3523 Ausi.
1040 3457 1097 3522 Gr.
1123 3456 1403 3543 Gr.11.p.45,o

162 3574 182 3652 ξ
206 3573 293 3655 357).
317 3569 501 3655 ELyricis
525 3592 631 3634 unum
655 3570 850 3656 exemplum
874 3568 988 3634 afferri
1011 3575 1128 3655 potest
1143 3592 1185 3634 ex
1202 3569 1404 3636 Callimachi

162 3682 262 3769 srgm.
287 3687 338 3767 99,
363 3687 379 3749 1
405 3684 454 3766 (in
478 3683 585 3748 schol.
602 3682 709 3747 Paris.
727 3683 770 3746 ad
785 3683 852 3768 Ap.
868 3683 934 3748 Rh.
951 3687 981 3766 2,
998 3684 1091 3768 866):
1116 3681 1178 3746 ἀντὶ
1192 3688 1249 3768 γὰρ
1266 3683 1404 3769 ἐκλήθης

166 3789 314 3881 ’Ἰμβρασε
339 3795 522 3880 Παρθενίου,
546 3794 567 3859 i.
585 3817 630 3860 a:
655 3806 703 3878 tu,
727 3794 890 3878 imbrase,
914 3794 1089 3859 Imbrasus
1113 3803 1257 3860 vocatus
1281 3817 1317 3860 es
1340 3816 1402 3882 pro

162 3908 368 3990 Partheni03
394 3909 540 3973 alterum
564 3915 598 3972 et
621 3908 762 3972 tertium
778 3908 973 3994 exemplum
991 3909 1050 3972 dat
1065 3907 1288 3990 Theocritus3
1313 3906 1403 3973 conf.

163 4025 213 4103 17,
231 4025 288 4088 66:
317 4020 400 4105 ὄλβιε
423 4031 515 4106 κοῦρε
537 4027 644 4101 γένοιο,
667 4026 740 4092 clerc
764 4023 798 4083 δὲ
822 4044 858 4105 με
880 4025 1007 4095 atacem
1041 4023 1091 4102 18,
1116 4023 1152 4084 9:
1185 4024 1294 4103 πρωιζὲ
1316 4025 1403 4084 κατέ-

161 4137 276 4219 δραθες
300 4133 410 4220 uque
432 4138 563 4220 γαμβρέ,
588 4133 630 4198 cf.
647 4133 803 4220 Euripid.
819 4133 942 4199 Troad.
962 4137 1063 4200 1221:
1088 4135 1125 4196 σύ
1141 4133 1176 4207 τ’,
1201 4132 1225 4195 ὠ
1243 4133 1307 4197 ποτ’
1325 4130 1404 4197 οὖσα

161 4249 316 4311 καλλίνικε
339 4253 452 4333 μυρίων
477 4258 569 4332 μῆτερ
592 4252 752 4330 τροπαίων.

164 4416 368 4426 ,φῇ-...-

270 4510 288 4574 ¹)
308 4507 366 4562 Sed
382 4507 470 4562 lectio
484 4507 572 4561 dubia
585 4513 690 4576 exstat,
708 4513 807 4560 utrum
820 4506 953 4575 legamus
967 4504 1078 4575 „dicat“
1092 4521 1159 4558 oum
1171 4504 1253 4559 codd.
1267 4510 1298 4559 et
1314 4504 1401 4574 vulg,

163 4610 201 4648 an
220 4592 342 4665 „dioas“,
362 4594 440 4665 quod
458 4593 611 4649 Bentleins
629 4594 796 4664 proposuit3
818 4590 953 4662 equidem
972 4608 1039 4646 oum
1057 4591 1206 4647 codicibus
1224 4591 1309 4647 rasio.
