3098 5092
707 213 860 309 —28—

163 401 271 466 altero
294 423 326 466 v.
351 400 474 464 eodem
498 423 580 465 oasu
598 400 713 487 posita
729 401 775 466 sit
790 422 932 465 neeesse
949 407 1018 482 est3
1044 399 1086 464 de
1104 399 1307 465 Graecismo
1323 421 1410 486 ergo

161 514 330 579 hocloco
358 535 469 578 sermo
498 535 573 578 esse
599 513 730 598 nequit.
761 512 905 578 Minime
936 520 1051 577 autem
1083 512 1257 578 sententia
1288 534 1412 578 eorum

161 626 302 712 probari
334 633 460 712 potest,
499 625 558 710 qui
593 625 785 691 ablativum
819 625 926 692 absol.
962 632 1114 690 statuere
1153 625 1269 690 eonati
1305 633 1409 709 sunt;

161 730 334 824 repugnat
348 738 440 803 enim
458 737 539 802 huie
556 737 741 803 verborum
755 745 959 822 structurae,
983 745 1022 802 ut
1036 744 1171 803 taceam
1188 739 1410 821 eontrarium,

163 851 254 934 quod
270 851 363 915 inter
376 850 520 915 Varium
542 857 577 914 et
596 850 710 936 ipsum
732 857 872 937 poetam
894 850 1090 933 intercedit,
1112 871 1254 937 prorsus
1271 849 1410 929 auferri,

162 983 234 1027 non
264 962 374 1029 solum
401 962 585 1028 verborum
616 964 711 1046 ordo,
742 962 802 1048 qui
831 963 939 1029 totius
971 962 1141 1028 enuntiati
1172 984 1311 1028 sensum
1340 962 1411 1029 hoo

162 1077 266 1142 modo
296 1099 339 1141 ex
369 1076 491 1142 ultimo
523 1076 630 1142 verbo
659 1078 854 1163 dependere
881 1077 994 1159 vallet,
1026 1077 1087 1140 sed
1118 1076 1223 1141 etiam
1252 1076 1412 1163 lepidum

164 1187 302 1253 dicendi
317 1210 437 1273 genus,
455 1190 547 1273 quod
563 1188 630 1254 hoo
647 1210 751 1253 sensu
767 1195 911 1274 aeoepto
927 1187 1131 1265 effioeretur,
1150 1211 1190 1254 ao
1206 1187 1236 1253 si
1252 1188 1412 1276 Agrippa

162 1300 197 1365 id
222 1323 328 1366 unum
350 1301 515 1384 studeret,
539 1307 579 1366 ut
602 1301 752 1366 carmine
777 1300 1020 1367 celebraretur.

266 1413 415 1498 Dativis,
439 1413 498 1498 qui
514 1413 630 1479 verbis
652 1414 836 1497 adduntur,
861 1413 1029 1478 absolutis
1051 1413 1121 1479 iam
1145 1435 1208 1478 nos
1232 1420 1408 1479 vertamus

165 1526 208 1590 ad
234 1547 302 1609 eos,
326 1527 384 1611 qui
409 1549 488 1592 oum
511 1526 811 1591 substantivisvel
834 1525 1016 1591 adieetivis
1040 1527 1310 1611 ooniungnntur.
1334 1526 1411 1605 Qua

163 1639 199 1704 in
222 1661 269 1720 re,
292 1646 333 1704 ut
355 1639 397 1704 de
421 1640 648 1705 substantivis
671 1640 767 1725 prius
791 1639 1016 1726 disputemus,
1041 1639 1132 1726 apud
1157 1640 1309 1705 Graecos
1331 1661 1411 1725 per-

162 1753 325 1839 vulgatus
358 1759 411 1817 est
440 1774 535 1837 usus,
565 1752 804 1835 substantivis,
835 1775 924 1837 quae
957 1751 1114 1817 averbis
1136 1753 1194 1818 vel
1225 1751 1409 1816 adieetivis

164 1865 319 1930 derivata
349 1872 439 1949 sunt,
471 1865 626 1930 dativum
656 1886 825 1951 personae
848 1864 905 1930 vel
928 1864 978 1929 rei
1002 1864 1128 1930 addere
1159 1863 1217 1951 (of.
1241 1863 1410 1929 Kuehner

165 1977 223 2044 Gr.
241 1978 300 2042 Gr.
315 1977 360 2042 II.
375 2000 408 2065 p.
425 1982 611 2062 372§424,
631 1983 646 2044 1
665 2001 732 2063 sq.;
763 1978 923 2064 Krueger
938 2000 989 2063 gr.
1005 1981 1161 2063 gr.§48,
1181 1979 1408 2062 12,a4sq.);

167 2090 266 2155 euius
291 2091 428 2156 dicendi
459 2091 597 2176 generis
626 2090 777 2178 insignia
808 2091 986 2176 eLyrieis
1011 2091 1154 2156 Graecis
1186 2089 1307 2154 afferre
1330 2111 1411 2176 pos·

164 2226 283 2269 sumus
306 2204 480 2293 exempla,
511 2227 592 2269 nam
616 2204 771 2269 dativum
794 2225 974 2290 personae,
998 2205 1057 2288 qui
1082 2203 1218 2287 dieitur,
1243 2204 1411 2289 seriptum

165 2316 312 2402 legimus
328 2316 365 2380 in
380 2316 480 2382 Pind.
505 2316 673 2400 01.9,15:
697 2317 732 2380 ἂν
750 2315 844 2401 Θέμις
860 2319 996 2403 θυγάτηρ
1012 2321 1043 2380 τέ
1059 2314 1087 2380 οἱ
1103 2321 1232 2402 σώτειρα
1247 2319 1392 2402 λέλογχεν
1401 2323 1412 2392 '‚

65 2454 72 2467 ·
164 2429 263 2494 Nem.
281 2433 310 2515 3,
330 2434 387 2496 10:
412 2429 491 2517 ἄρχε
514 2433 542 2495 δ”
565 2426 691 2515 οὐρανοὶ
710 2432 904 2516 πολυνεφέλα
922 2435 1038 2514 κρέοντι
1060 2432 1208 2515 θύγατερ,
1233 2429 1412 2496 Semonid.

166 2547 196 2625 7,
209 2547 268 2610 38;
289 2549 398 2630 χάρμα
420 2546 563 2629 ναύτῃσιν
587 2549 679 2629 μέγα,
705 2542 747 2608 of.
764 2546 793 2626 7,
809 2546 867 2625 68;
895 2546 923 2624 7,
941 2546 999 2624 72,
1026 2546 1054 2626 7,
1072 2547 1132 2626 74,
1153 2542 1255 2627 frgm.
1278 2542 1356 2607 mel.
1381 2564 1412 2609 a.

166 2661 271 2740 23,1:
296 2653 331 2720 od
354 2661 411 2743 γάρ
442 2655 626 2742 Ἀρκάδεσσι
649 2659 756 2740 λώβα,
784 2656 904 2720 Aleae.
924 2658 973 2738 l8,
991 2659 1026 2721 1:
1051 2653 1132 2728 οἶνος
1154 2659 1212 2739 γάρ
1236 2653 1412 2739 ἀνθρώποις

165 2772 323 2854 δῑοπτρον,
349 2768 391 2836 ef.
409 2775 460 2853 56,
474 2774 510 2852 3,
536 2769 626 2835 Sool.
640 2773 703 2853 4,2
720 2770 766 2854 (p.
780 2770 875 2850 323):
900 2767 957 2854 (Ὦ
976 2767 1066 2854 Πάν)
1088 2767 1237 2854 ἄρχηστά,
1262 2767 1412 2852 Βρομίαις

166 2882 261 2947 όπαδὲ
284 2881 449 2969 Νύμφαις,
481 2880 668 2968 Ariphron.
687 2885 715 2965 1,
732 2885 768 2947 2;
800 2881 838 2944 σύ
863 2883 896 2945 δέ
920 2904 972 2965 μοι
995 2885 1141 2967 πρόφρων
1164 2882 1305 2952 σύνοικος
1329 2878 1412 2966 εἴης,

165 2994 310 3061 Theoer.
324 2998 422 3077 28,1:
446 2993 469 3058 Γ
473 2997 602 3069 λαύκας,
619 2993 642 3057 ὡ
660 2995 789 3082 ιριλέριθ
806 2991 953 3069 ἄλακάτα,
970 2996 1069 3077 δῶρον
1092 2991 1247 3079 Ἀθηνάας
1263 2993 1410 3075 ηόναιξιν,

167 3106 334 3174 Simonid.
352 3111 424 3190 146,
441 3112 479 3174 5:
504 3112 591 3192 σφίσι
615 3113 771 3193 μάρτυρα,
797 3108 840 3173 ef.
866 3107 971 3172 etiam
993 3106 1130 3172 Philox.
1148 3110 1198 3191 13,
1217 3111 1233 3173 1
1252 3108 1299 3192 (p.
1316 3109 1411 3188 289):

165 3220 262 3308 ἕρμα,
279 3219 474 3306 ἱροδρόμσις,
500 3219 625 3286 deinde
649 3221 786 3286 dativus
809 3219 859 3284 rei
883 3226 996 3284 exstat
1018 3219 1055 3283 in
1077 3218 1177 3284 Pind.
1193 3217 1295 3304 Pyth.
1311 3221 1339 3296 l,
1353 3222 1412 3286 97:

167 3333 239 3400 οὐδὲ
272 3357 313 3399 νιν
348 3339 511 3423 φόρμιγγες
546 3331 717 3420 ὑπωρόφιαι
747 3338 902 3398 κοινωνίαν
938 3334 1102 3418 μαλθακὰν
1139 3334 1254 3396 παίδων
1292 3330 1414 3416 ὀάροισι

167 3452 313 3523 δέκονται,
343 3446 404 3512 ubi
436 3446 572 3512 dativus
605 3444 764 3530 ,ὀάροισάι
796 3447 926 3533 pendet
956 3466 1084 3511 avooe
1110 3447 1324 3529 ,κοινωνίαν“,
1358 3444 1413 3511 Ol.

168 3567 198 3645 2,
223 3565 265 3629 49
296 3559 387 3647 (50),
424 3558 622 3643 Ἀδραστιδᾶν
652 3560 754 3630 θάλος
785 3556 902 3643 ἀρωγόν
934 3561 1062 3644 δόμοις,
1097 3556 1297 3622 Archilooh.
1321 3560 1350 3640 9,
1375 3561 1412 3624 5:

169 3673 361 3761 ἀνηκέστοισι
395 3683 627 3738 κακοῖσιν...
652 3676 831 3758 φάρμακον,
870 3670 1062 3738 Mimnerm.
1097 3675 1147 3752 11,
1179 3674 1217 3736 2:
1257 3667 1413 3754 ἄμπαυσις

167 3795 292 3871 γίγνεται
305 3785 433 3872 οὐδεμία
445 3784 578 3849 ἵπποισίν
590 3808 621 3848 τε
633 3789 684 3848 καί
697 3783 794 3870 αὐτῷ,
811 3785 937 3859 Anaor.
948 3787 988 3852 96
1003 3784 1082 3871 (Ep.
1095 3786 1139 3869 9),
1152 3789 1184 3851 l:
1203 3780 1315 3864 ἄηλαδν
1331 3781 1415 3847 ἄστεϊ

168 3907 300 3986 κόσμον,
332 3898 481 3964 Timoth.
507 3898 746 3984 5,1(p.290):
772 3902 862 3982 μὲηαν
891 3896 1021 3962 Ἑλλάδι
1043 3901 1178 3983 κόσμον,
1203 3897 1330 3962 Telest.
1348 3899 1413 3980 1,5

170 4017 215 4103 (p.
228 4017 323 4094 293):
346 4022 527 4098 reppererat
542 4013 723 4096 χοροκτόπῳ
741 4015 815 4098 ρηρί
831 4009 966 4094 Μαρσόη
981 4013 1090 4093 κλέος,
1114 4006 1340 4095 Melanippid.
1353 4011 1414 4092 2,3

169 4127 321 4214 (p.281):
346 4121 438 4210 ἔρρετ’
455 4123 577 4210 αἴσχεα,
602 4129 720 4208 σώματι
742 4126 842 4209 λόμα,
868 4122 910 4188 of.
927 4123 1029 4188 Bion.
1043 4123 1161 4209 Epith.
1178 4122 1247 4187 XV
1263 4121 1336 4209 (II),
1356 4125 1413 4188 1οε

170 4239 289 4325 Οἰνώνη
309 4241 404 4303 κακόν
421 4237 532 4320 ἄλγος,
557 4237 683 4324 quibus
704 4236 840 4302 aceedit
855 4237 1011 4301 Alcman.
1030 4240 1080 4317 10,
1098 4240 1133 4302 1:
1157 4237 1252 4301 κακόν
1281 4233 1413 4298 Ἑλλάδι

170 4356 356 4437 βωτιανεῑρη,
381 4350 440 4416 ubi
464 4349 675 4416 adieetivum
697 4372 775 4434 gen.
790 4372 824 4414 n.
840 4349 919 4415 loeo
943 4347 1152 4419 substantivi
1175 4347 1327 4434 positum
1351 4353 1414 4411 est.

271 4466 304 4531 A
327 4465 471 4530 Graecis
499 4472 615 4530 autem
641 4463 708 4530 hoo
733 4463 871 4528 dicendi
897 4484 1008 4547 genus
1032 4468 1255 4547 sumpserunt
1277 4459 1412 4542 Latini;

168 4580 228 4644 sed
258 4578 449 4645 modestius
478 4599 519 4644 eo
550 4577 603 4642 usi
632 4586 714 4642 sunt
745 4583 870 4663 poetae
902 4573 1070 4660 temporis
1104 4573 1283 4658 unsarai,
1315 4573 1416 4658 plura
